3242 5259
607 498 714 554 est
755 488 1119 557 adseensus
1177 507 1390 576 usqne
1428 491 1512 556 ad
1554 491 1769 559 loonm
1810 491 2022 574 hene,
2086 490 2155 555 in
2195 508 2329 575 qno
2392 490 2561 557 muri
2618 490 2948 557 eeclesiae

605 595 752 661 sine
793 592 1109 659 aedificiis
1148 604 1343 659 stant.
1388 597 1538 661 Hoc
1577 597 1749 660 enim
1791 596 2050 679 insigne
2094 594 2179 660 de
2219 594 2363 659 loeo
2404 596 2702 679 refertur,
2744 595 2947 681 quod,

603 716 750 762 enm
790 698 974 762 multi
1023 697 1369 764 Sarraeeni
1406 717 1611 783 super
1671 710 1935 764 veteres
1986 718 2204 764 muros
2246 700 2397 764 illos
2470 704 2948 766 attentaverint

602 804 730 873 sibi
792 802 1020 868 domos
1079 812 1489 889 eonati-uere,
1571 822 1921 889 numquam
1977 804 2215 889 aliquis
2280 806 2491 888 potnit
2549 814 2945 870 structuram

603 924 1086 991 eonsummare,
1149 907 1272 972 sed
1337 918 1490 992 post
1543 910 1801 974 labores
1865 919 1929 973 et
1972 920 2228 974 sumtus
2282 912 2499 975 subito
2571 918 2950 975 construet·

603 1031 938 1097 corruere,
994 1021 1064 1076 et
1123 1013 1249 1078 hoe
1304 1017 1547 1080 totiens
1614 1016 1925 1099 contigit,
1988 1012 2166 1098 quod
2218 1032 2414 1077 nemo
2477 1015 2548 1075 in
2611 1014 2756 1077 loeo
2818 1015 2949 1079 hoc

605 1123 885 1183 attentat
941 1117 1292 1204 quidquam
1354 1122 1643 1205 erigere,
1724 1119 1846 1184 sed
1923 1120 2252 1184 dimittunt
2327 1136 2655 1181 murorum
2719 1118 2944 1182 ruinas

606 1239 856 1285 vacuas
896 1230 1095 1286 stare.
1180 1216 1426 1288 Dieunt
1469 1226 1660 1289 etiam
1677 1268 1699 1308 ,
1763 1221 1934 1308 quod
1998 1241 2123 1295 nee
2163 1220 2415 1306 lapIdes
2457 1230 2736 1306 possunt
2791 1221 2949 1287 inde

611 1328 886 1411 auferri,
945 1327 1014 1389 in
1067 1328 1360 1412 signnm*
1392 1329 1759 1395 sanctitatis
1825 1328 1950 1392 loci
2017 1336 2089 1393 et
2171 1329 2428 1393 futurae
2492 1325 2814 1392 ecelesiae
2854 1329 2951 1392 ibi

611 1429 1074 1497 aedificandae.

709 1666 890 1767 (B)
941 1666 1063 1743 De
1135 1666 1339 1761 1000,
1420 1668 1541 1745 ubi
1606 1666 1962 1744 Dominus
2039 1665 2273 1744 Jesus
2347 1664 2443 1745 ad
2517 1675 2818 1742 mortem

829 1787 969 1866 suit
1015 1788 1596 1867 sententionatus
1615 1842 1639 1883 ‚
1691 1788 1811 1888 qui
1860 1786 2125 1869 dicitur
2163 1785 2500 1863 Gabatha
2572 1785 2696 1863 vel

1512 1907 2089 2009 Lychostratos.

774 2083 937 2150 Inde
982 2087 1317 2170 progressi
1355 2087 1426 2151 in
1465 2087 1685 2155 vicum
1730 2088 2067 2171 venimus,
2107 2085 2195 2152 ad
2235 2087 2473 2172 locum,
2510 2086 2620 2150 nbi
2661 2092 2955 2168 tempore

609 2191 937 2277 passionis
1000 2187 1246 2257 Christi
1288 2200 1427 2255 erat
1470 2191 1656 2256 loeus
1714 2190 1980 2276 judieii,
2034 2191 2249 2256 dietus
2303 2192 2605 2257 hebraice
2668 2188 2951 2273 Gabata,

612 2304 682 2361 et
715 2312 956 2381 graeee
994 2294 1500 2382 Lyehostratos,
1541 2297 1743 2360 latine
1782 2315 1942 2361 vero
1984 2296 2173 2363 eollis
2216 2298 2562 2379 moeroris,
2612 2296 2773 2379 qnia
2810 2302 2955 2357 erat

612 2400 885 2466 altitudo
927 2400 1170 2463 multae
1211 2404 1580 2465 moestitiae
1622 2401 1793 2485 illis,
1847 2410 2069 2465 contra
2113 2422 2279 2490 quos
2320 2403 2649 2467 sententia
2691 2400 2953 2464 fereba-

611 2516 741 2576 tur.
823 2505 929 2569 De
989 2506 1115 2569 hoe
1155 2505 1298 2570 loeo
1339 2507 1616 2571 habetur
1677 2506 1826 2571 Joh.
1877 2507 1976 2571 19.
2064 2504 2215 2568 Stat
2273 2514 2488 2571 antem
2537 2507 2605 2569 in
2650 2504 2795 2569 loeo
2839 2502 2952 2568 illo

614 2627 808 2675 arcus
850 2609 1022 2674 altus
1044 2656 1066 2694 ‚
1122 2607 1206 2673 de
1240 2610 1572 2694 quadratis
1616 2610 1974 2694 lapidibus,
2017 2611 2228 2675 flexus
2270 2610 2353 2674 de
2411 2628 2543 2674 nna
2582 2619 2770 2694 parte
2809 2609 2945 2673 viei

613 2717 685 2779 in
728 2715 957 2799 aliam,
1022 2714 1333 2780 claudens
1373 2719 1678 2800 superins
1719 2717 1934 2781 vicum
1979 2715 2062 2779 ad
2107 2715 2361 2780 modum
2404 2722 2651 2799 portae.
2737 2712 2955 2797 Supra

615 2839 840 2899 areum
877 2839 1037 2886 vero
1078 2839 1300 2885 murus
1342 2828 1450 2886 est
1490 2820 1901 2905 aedificatus,
1971 2818 2436 2904 longitudinem
2493 2821 2621 2884 viri
2673 2820 2946 2883 habens.

613 2928 692 2995 111
734 2926 861 2991 hoe
900 2944 1085 2989 muro
1126 2934 1280 2990 sunt
1320 2927 1641 2993 immutati
1674 2928 1803 2992 duo
1834 2926 2130 3011 quadrati
2160 2924 2408 3010 lapides
2446 2924 2599 3007 albi,
2635 2923 2720 2988 de
2748 2923 2952 3007 polito

616 3039 682 3093 et
721 3029 1000 3094 candido
1061 3031 1413 3113 marmore,
1476 3051 1519 3095 a
1559 3050 1640 3095 se
1697 3034 1979 3095 invicem
2043 3032 2368 3114 distincti,
2438 3038 2666 3097 eontra
2722 3030 2945 3093 vicum

615 3135 1076 3218 respicientes,
1120 3152 1196 3197 ae
1237 3137 1298 3198 si
1339 3154 1457 3218 pro
1500 3136 1738 3200 decore
1779 3145 2005 3199 essent
2054 3154 2240 3200 muro
2301 3136 2551 3215 inserti.
2633 3136 2954 3217 Tempore

613 3239 785 3303 enim
827 3237 1154 3321 passionis
1196 3236 1442 3301 Christi
1507 3249 1648 3304 erat
1688 3241 1870 3304 loeus
1910 3240 2021 3303 ille
2058 3241 2535 3324 Lyehostratos
2578 3241 2952 3303 marmoreis

613 3340 854 3407 tabulis
913 3341 1427 3426 pavimentatas,
1490 3352 1557 3407 et
1597 3346 1667 3409 in
1708 3345 2083 3428 pavimento
2147 3346 2405 3409 suerunt
2469 3344 2708 3409 elevati
2748 3361 2951 3428 super

612 3446 778 3512 alios
838 3447 1190 3531 pavimenti
1253 3446 1503 3530 lapidee
1566 3448 1695 3514 duo
1755 3448 1976 3534 politi,
2037 3451 2169 3515 albi
2271 3461 2339 3514 et
2401 3449 2694 3536 quadrati
2774 3466 2951 3513 unns

614 3555 738 3618 suh
796 3551 1127 3637 tribunali,
1180 3554 1304 3638 ita,
1368 3552 1542 3638 quod
1573 3554 1782 3637 judex
1840 3555 2082 3620 sedens
2137 3576 2259 3641 pro
2324 3555 2624 3621 tribunali
2678 3554 2952 3625 haberet

612 3659 819 3746 podes
861 3678 1060 3744 snper
1099 3676 1282 3743 eum3
1326 3659 1496 3723 alter
1534 3678 1695 3726 vero
1738 3669 1876 3725 erat
1922 3662 1991 3725 in
2045 3660 2256 3726 medio
2298 3662 2690 3745 pavimenti,
2752 3676 2955 3744 super

615 3782 805 3848 quem
870 3765 1273 3830 statuebatur
1332 3783 1485 3829 reus
1541 3764 1958 3849 judicandus.
2041 3768 2129 3831 Et
2184 3785 2302 3850 per
2363 3766 2703 3830 circuitum
2762 3772 2950 3828 erant

613 3882 884 3932 scamna
923 3868 1257 3933 consulum
1302 3879 1367 3933 et
1404 3870 1713 3953 judicum.
1798 3870 1906 3936 Ad
1948 3873 2122 3936 hune
2163 3889 2319 3956 ergo
2359 3871 2569 3936 locum
2635 3869 2937 3935 Gabatha

616 3972 819 4035 exivit
859 3972 1149 4057 Pilatus,
1208 3973 1295 4037 ad
1344 3978 1737 4040 sententiam
1802 3978 2249 4060 peremtoriam
2301 3973 2663 4041 faeiendam
2723 3981 2952 4038 eontra

616 4076 846 4141 Jesnm
860 4122 883 4161 ,
946 4077 1187 4142 sedens
1227 4079 1295 4142 in
1336 4079 1673 4163 tribunali,
1737 4079 1942 4162 pedes
1983 4081 2236 4145 habens
2277 4099 2477 4165 super
2518 4078 2796 4164 lapidem
2818 4122 2840 4159 ,
2882 4085 2953 4140 et

615 4181 935 4246 Dominus
984 4184 1191 4249 Jesus
1227 4183 1652 4249 summandus
1700 4184 1889 4248 stetit
1963 4202 2162 4269 super
2235 4188 2333 4251 rei
2412 4181 2706 4270 lapidem.
2805 4184 2950 4246 Hos

614 4286 782 4353 duos
833 4286 1082 4373 lapides
1163 4298 1554 4373 aeceperunt
1619 4289 1848 4354 fideles
1859 4334 1882 4374 ‚
1950 4298 2019 4353 et
2080 4308 2199 4355 eos
2263 4308 2461 4376 super
2501 4309 2720 4354 areum
2778 4289 2952 4352 hune

614 4411 797 4458 muro
855 4395 1263 4463 inseruerunt
1315 4395 1385 4459 in
1426 4403 1802 4481 perpetuam
1859 4395 1955 4459 rei
1997 4395 2386 4461 memoriam.
2472 4398 2548 4461 In
2605 4397 2732 4462 hoe
2791 4409 2951 4477 ergo
