3242 5259
588 408 1050 494 dereliquimus
1081 407 1226 473 vias
1262 406 1601 492 aquilonis,
1640 424 1809 493 quas
1829 427 1870 471 e
1892 406 2159 489 regione
2190 407 2475 491 respicit,
2498 415 2568 471 et
2593 410 2928 475 converti-

588 531 735 579 mus
777 530 901 577 nos
941 509 1024 575 ad
1068 512 1445 577 orientalem
1480 511 1743 595 plagam
1787 519 2011 574 contra
2048 521 2327 575 montem
2357 511 2635 596 oliveti,
2662 524 2731 577 et
2768 533 2929 599 pro-

588 618 899 682 cedentes
943 616 1276 682 civitatem
1310 624 1606 679 sanctam
1648 617 1719 676 in
1762 614 1988 679 dextro
2031 614 2240 680 latere
2292 616 2655 682 habuimus.
2757 617 2927 692 Cum

587 731 803 786 autem
843 719 1257 786 venissemus
1298 720 1384 784 ad
1428 718 1733 803 angulum
1776 719 1976 800 muri,
2020 720 2087 783 in
2132 740 2260 804 quo
2316 739 2538 785 murus
2595 722 2929 790 orientalis

580 826 875 911 jungitur
914 824 1296 911 aquilonari,
1320 826 1759 888 convertimus
1808 842 1930 888 nos
1978 825 2060 887 ab
2105 828 2354 888 oriente
2390 835 2617 891 contra
2637 836 2929 891 austrum

588 938 659 994 et
698 949 816 1015 per
854 927 1314 1012 longitudinem
1362 930 1524 993 muri
1561 929 2019 1012 prospeximus
2064 946 2278 1012 usque
2319 928 2404 992 ad
2448 930 2639 996 aliam
2685 925 2949 994 civita».

587 1036 675 1101 tis
714 1042 965 1119 portam
1001 1050 1299 1117 magnam
1320 1031 1718 1115 orientalem,
1762 1033 1952 1115 cujus
1996 1033 2196 1096 turris
2229 1031 2499 1097 altitudo
2520 1033 2775 1117 deficta
2802 1045 2926 1118 est,

590 1149 658 1205 et
715 1148 933 1223 rupta3
998 1138 1164 1202 haec
1214 1145 1429 1199 autem
1486 1146 1674 1220 porta
1734 1136 1970 1200 dicitur
2023 1145 2211 1221 porta
2265 1154 2495 1224 aurea,
2557 1159 2677 1223 per
2731 1159 2928 1226 quam

586 1244 906 1308 Dominus
947 1243 1152 1306 Jesus
1193 1241 1261 1304 iu
1303 1239 1411 1304 die
1442 1241 1798 1325 palmarum
1840 1242 2131 1323 intravit,
2174 1241 2417 1305 sedens
2456 1244 2526 1306 in
2559 1245 2768 1329 asino,
2801 1246 2927 1309 sub

588 1366 721 1434 qua
758 1347 1059 1412 Joachim
1100 1354 1170 1409 et
1209 1345 1408 1408 Anna
1449 1355 1901 1410 convenerunt
1944 1345 2028 1408 ad
2084 1354 2236 1409 ante
2283 1345 2575 1430 jussum,
2623 1351 2927 1435 quoniam

590 1454 810 1519 divino
853 1451 1112 1517 oraculo
1156 1459 1561 1535 acceperant,
1604 1451 1793 1515 nasci
1834 1449 1917 1513 de
1958 1467 2035 1512 se
2062 1451 2335 1515 Mariam
2373 1453 2733 1536 Virginem.
2776 1455 2929 1518 Hoc

589 1559 784 1623 etiam
824 1556 1183 1642 spectabile
1224 1556 1597 1620 miraculum
1640 1557 1730 1620 ibi
1772 1555 2065 1638 contigit,
2108 1556 2362 1639 quando
2395 1557 2745 1622 Heraclius
2796 1559 2929 1624 im-

588 1671 867 1748 perator,
905 1662 1198 1725 hostibus
1239 1660 1539 1743 devictis,
1583 1671 1651 1723 et
1681 1678 1898 1743 cruce,
1943 1677 2115 1744 quae
2154 1668 2346 1743 capta
2369 1660 2582 1726 fuerat
2623 1679 2665 1724 a
2684 1662 2925 1744 Persis,

592 1765 914 1848 redemta,
984 1765 1092 1828 bic
1165 1785 1284 1848 per
1339 1783 1482 1828 eam
1548 1776 1797 1849 portam
1858 1783 2027 1849 equo
2066 1762 2359 1827 residens
2414 1783 2560 1829 cum
2614 1767 2927 1850 imperiali

590 1888 825 1956 pompa
865 1870 1107 1932 intrare
1149 1869 1376 1952 voluit,
1425 1890 1575 1933 mox
1615 1879 1690 1933 ut
1733 1868 1817 1932 ad
1861 1877 2108 1954 portam
2150 1869 2320 1932 hanc
2359 1873 2560 1954 venit,
2600 1871 2957 1936 submise-.

594 1983 743 2038 runt
783 1990 861 2037 se
893 1972 1169 2056 lapides,
1212 1981 1278 2035 et
1337 1973 1594 2056 integer
1634 1974 1902 2038 clausus
1939 1991 2161 2038 murus
2205 1974 2417 2038 factus
2454 1984 2574 2038 est.
2649 1975 2794 2040 Nec
2820 1979 2925 2040 in·-

591 2078 780 2164 gredi
806 2076 1034 2160 valuit,
1061 2095 1401 2162 quousque
1421 2096 1675 2141 omnem
1718 2079 1966 2144 saeculi
1986 2093 2284 2161 pompam
2328 2077 2643 2162 deposuit,
2687 2089 2756 2143 et
2781 2099 2927 2146 cum

593 2186 767 2250 omni
811 2202 932 2248 suo
990 2183 1283 2246 exercitu
1352 2180 1787 2246 discalceatus
1848 2183 2352 2270 humiliatusque
2401 2186 2641 2248 intrare
2700 2190 2931 2251 meruit

594 2307 742 2354 cum
787 2305 986 2352 cruce
1028 2287 1305 2351 Domini.

760 2393 870 2457 Ad
909 2394 1080 2457 hanc
1123 2403 1372 2477 portam
1411 2392 1532 2456 fuit
1553 2392 1871 2459 Dominus
1915 2389 2232 2464 deductus
2272 2395 2621 2459 honorifice
2652 2415 2693 2458 a
2713 2405 2955 2460 monte*

594 2498 662 2563 in
704 2496 1013 2580 templum
1057 2515 1205 2562 cum
1242 2498 1478 2581 palmis
1522 2507 1589 2561 et
1633 2500 1832 2562 ramis
1869 2500 2230 2563 virentibus
2251 2545 2273 2581 ,
2327 2509 2393 2563 et
2457 2501 2723 2565 intravit
2783 2519 2930 2565 cum

600 2602 796 2667 laude
845 2611 911 2666 et
950 2602 1161 2686 gloria
1198 2601 1332 2685 tali,
1381 2603 1552 2665 sicut
1593 2601 1835 2685 legitur
1874 2605 1909 2668 1
1952 2605 2248 2669 Maccab.
2297 2603 2394 2669 13.
2451 2604 2783 2669 Simonem
2825 2608 2933 2669 in·

593 2727 893 2793 gressum
949 2709 1157 2772 fuisse
1188 2753 1210 2791 ,
1267 2716 1336 2770 et
1375 2708 1549 2772 sicut
1592 2708 1866 2771 habetur
1906 2709 1951 2773 2
1991 2709 2288 2775 Maccab.
2327 2709 2425 2774 10.
2474 2708 2557 2772 de
2579 2710 2829 2793 thyrsis
2865 2718 2933 2772 et

597 2816 794 2878 ramis
835 2813 1061 2878 viridis
1104 2823 1172 2876 et
1213 2810 1466 2897 palmis.
1547 2810 1894 2876 Sarraceni
1950 2831 2081 2876 non
2144 2816 2369 2876 sinunt
2428 2831 2551 2877 nos
2611 2814 2696 2878 ad
2763 2815 2931 2878 hanc

598 2919 746 3002 (B)
797 2928 1045 3004 portam
1092 2915 1428 3000 accedere,
1471 2923 1544 2979 ct
1584 2934 1994 3002 nequaquam
2038 2918 2340 3001 permissi
2396 2916 2633 2982 fuimus
2675 2920 2764 2983 ibi
2815 2920 2931 3004 ire,

596 3025 749 3107 quia
803 3033 957 3087 ante
1019 3042 1164 3089 eam
1226 3031 1384 3085 sunt
1452 3019 1954 3084 sarracenorum
2035 3021 2408 3105 sepulturae
2427 3068 2449 3106 ,
2518 3041 2717 3107 super
2767 3043 2935 3108 quas

600 3126 1008 3191 Chrtstianos
1049 3143 1180 3189 non
1220 3127 1441 3189 sinunt
1483 3126 1832 3192 ambulare.
1939 3124 2177 3190 Genua
2240 3135 2454 3190 tamen
2509 3138 2735 3193 contra
2790 3150 2932 3193 eam

599 3232 919 3314 fleximus,
962 3239 1027 3293 et
1070 3229 1330 3294 adorato
1369 3226 1644 3294 Domino
1682 3230 2119 3316 indulgentias
2145 3231 2309 3312 (ᾗ)
2330 3231 2661 3315 plenariae
2701 3235 2934 3299 remis-

601 3335 806 3399 sionis
848 3336 1236 3419 accepimus.
1324 3335 1496 3399 Data
1537 3345 1643 3399 est
1681 3337 1851 3399 enim
1895 3335 2260 3418 hujusmodi
2277 3336 2682 3421 indulgentia
2722 3341 2933 3404 omni-

599 3441 724 3504 bus
778 3449 1003 3504 contra
1052 3441 1224 3505 hanc
1264 3447 1516 3525 portam
1559 3458 1599 3501 e
1656 3440 1919 3524 regione
1979 3440 2471 3523 respicientibus
2528 3451 2599 3506 et
2654 3443 2935 3509 adoran-

600 3545 793 3630 tibus,
815 3547 1053 3610 totiens
1079 3547 1382 3632 quotiens
1421 3544 1490 3608 id
1532 3544 1826 3607 fecerint.
1873 3543 2175 3609 Creditur
2204 3546 2394 3628 euim,
2424 3547 2598 3632 quod
2626 3548 2935 3633 reliquiae

601 3649 853 3714 illorum
894 3670 1240 3734 murorum,
1281 3649 1393 3736 qui
1427 3648 1621 3714 hodie
1662 3649 1755 3712 ibi
1794 3657 1993 3731 stant,
2031 3649 2164 3713 sint
2199 3649 2411 3714 adhuc
2438 3650 2522 3714 de
2561 3667 2720 3713 vera
2748 3658 2933 3732 porta

602 3771 821 3839 aurea,
865 3775 982 3839 per
1017 3773 1215 3840 quam
1254 3754 1576 3818 Dominus
1619 3753 1888 3828 intravit
1928 3754 2115 3817 asino
2176 3753 2451 3840 sedens,
2480 3755 2662 3839 ,quia
2723 3753 2931 3835 Titus,

601 3858 928 3942 dissipans
971 3859 1359 3944 Jerusalem,
1398 3858 1658 3942 reliquit
1696 3856 2013 3944 quasdam
2054 3867 2266 3923 turres
2307 3879 2424 3942 pro
2481 3858 2801 3924 fortalitiis
2863 3864 2935 3922 et

600 3963 938 4047 custodiis,
981 3964 1066 4028 de
1106 3967 1343 4050 quibus
1391 3964 1587 4028 turris
1629 3972 1856 4048 portae
1896 3981 2134 4027 aureae
2173 3981 2307 4042 una
2349 3964 2491 4049 fuit,
2533 3982 2679 4029 cum
2719 3964 2935 4027 vecti-

598 4071 722 4134 bus
785 4068 1029 4132 relicta.
1147 4069 1337 4133 Unde
1398 4077 1628 4133 vectes
1694 4067 1838 4151 ejus
1902 4068 2094 4134 hodie
2158 4079 2313 4134 sunt
2366 4068 2624 4154 cupreis
2679 4064 2935 4131 laminis

598 4175 924 4242 deauratis
966 4181 1196 4239 tectae.
1239 4173 1342 4237 De
1383 4173 1619 4259 quibus
1654 4173 1913 4238 laminis
1943 4182 2011 4237 et
2051 4173 2261 4238 clavis
2303 4173 2560 4240 occulte
2607 4173 2936 4255 accipiunt

593 4280 944 4356 &macenti
1007 4280 1218 4364 petias
1287 4287 1353 4344 et
1405 4278 1757 4363 particulas
1826 4287 1890 4344 et
1949 4277 2337 4348 Christianis
2394 4276 2683 4346 vendunt
2703 4321 2726 4360 ,
2784 4275 2936 4358 quia
