3242 5259
1594 238 1725 355 aas

935 503 1056 580 De
1107 486 1550 582 Christianis
1593 503 1690 579 de
1740 500 1987 604 Syria,
2040 494 2397 580 surianis.

595 694 606 707 “
658 707 920 773 Suriani
941 752 960 790 ,
1028 706 1140 790 qui
1204 715 1270 770 et
1345 706 1502 789 Syri
1523 753 1545 792 ,
1597 704 1954 771 Christiani
2013 706 2133 768 sub
2177 704 2460 768 diversis
2498 705 2847 790 gentilium

489 811 886 901 principibus
921 810 994 899 in
1042 814 1360 889 servitute
1402 813 1641 875 misera
1681 811 1946 895 degunt,
1991 818 2056 873 et
2100 818 2253 872 sunt
2313 809 2538 873 insecti
2600 812 2849 874 errori-

491 921 614 984 bus
638 920 1058 999 Graecorum,
1101 935 1267 1000 quos
1285 918 1639 1000 imitantur,
1683 914 2015 997 haeretici,
2056 921 2126 976 et
2166 914 2460 978 homines
2500 914 2675 999 falsi,
2716 916 2847 979 do-

491 1018 636 1108 l'osi,
683 1002 885 1104 fures,
925 1021 1222 1107 zelotypi
1263 1022 1328 1085 in
1371 1039 1637 1104 uxores,
1678 1021 1849 1084 sicut
1889 1017 2252 1082 Sarraceni.
2337 1017 2431 1083 Hi
2482 1021 2675 1083 etiam
2716 1039 2851 1083 no-

489 1131 741 1193 biscum
788 1134 939 1189 sunt
981 1129 1050 1188 in
1089 1124 1326 1208 templo
1367 1129 1577 1189 sancti
1620 1124 1983 1208 sepulchri,
2029 1133 2095 1186 et
2147 1122 2481 1207 possident
2524 1124 2846 1209 capellam

490 1243 759 1297 sanctae
797 1230 1121 1313 Helenae,
1161 1231 1253 1294 ibi
1295 1248 1416 1293 sua
1459 1230 1702 1293 Officia
1742 1237 2150 1314 peragentes.
2247 1227 2588 1293 Morantur
2630 1239 2845 1297 antem

490 1337 574 1401 ad
599 1337 772 1402 latus
806 1334 1216 1400 Indianorum
1261 1336 1328 1401 in
1362 1334 1775 1403 tabernaculo
1815 1332 1986 1398 velis
2028 1330 2425 1399 circumdato
2463 1344 2530 1397 et
2561 1343 2842 1403 caetera.

699 1586 714 1601 ’
821 1628 1001 1727 (Β)
1023 1628 1142 1704 ne
1187 1624 1623 1707 christianis
1641 1627 2005 1723 Amnis,
2032 1624 2509 1728 qualessint?
2572 1608 2579 1617 '

659 1830 927 1892 Armeni
1009 1831 1203 1892 etiam
1255 1829 1322 1890 in
1385 1830 1510 1893 hac
1564 1847 1754 1892 sacra
1813 1830 2095 1894 ecclesia
2134 1831 2464 1893 nobiscnm
2524 1820 2711 1915 sun't,
2756 1835 2839 1897 ab

491 1934 805 2003 Armenia
833 1934 1198 2015 venienteS,
1225 1950 1300 1995 es
1339 1942 1492 1996 sunt
1512 1931 1913 1997 Graecorum
1947 1933 2391 2018 implacabiles
2411 1937 2673 2019 inimici,
2712 1954 2844 1999 nec

491 2049 707 2103 tamen
753 2046 1000 2102 cavent
1043 2057 1297 2103 errores
1343 2056 1584 2125 eorum,
1627 2055 1751 2100 noc
1792 2038 1890 2102 eis
1933 2046 2176 2107 carent.
2245 2039 2415 2103 Dum
2459 2020 2631 2109 enim
2677 2058 2842 2104 con-

493 2145 760 2229 ficiunt,
807 2163 1042 2227 aquam
1093 2144 1247 2207 vi’no
1304 2161 1435 2204 non
1489 2150 1847 2226 apponunt,
1941 2153 2014 2206 ut
2058 2134 2597 2229 Graeci3'sextis
2657 2147 2840 2210 feriis

489 2266 728 2319 cantes
768 2251 1190 2333 manducant3
1234 2256 1300 2311 et
1342 2246 1513 2312 diem
1575 2249 1936 2312 nativitatis
1979 2249 2240 2312 Domini
2299 2251 2514 2315 colere
2565 2250 2837 2331 nolunt3

494 2354 616 2437 §cd
656 2355 784 2438 ipsi
818 2354 1119 2437 jejunant
1159 2372 1276 2441 pro
1310 2373 1410 2436 eo,
1458 2352 1631 2437 quod
1676 2352 1758 2415 ad
1799 2362 2058 2418 nostras
2095 2355 2391 2417 miserias
2410 2356 2523 2419 illo
2567 2354 2673 2417 die
2716 2366 2841 2416 na·-

497 2469 604 2523 tus
648 2470 752 2523 est
794 2459 1144 2542 Dominus3
1190 2457 1357 2520 diem
1402 2467 1616 2521 autem
1662 2459 2065 2542 Epiphaniae
2111 2458 2464 2524 solenniter
2491 2460 2840 2541 celebrant,

491 2574 754 2655 propter
783 2566 1171 2648 baptismum
1209 2562 1475 2647 Christi,
1514 2564 1581 2625 in
1604 2583 1733 2648 quo
1758 2562 1980 2629 dicunt
2003 2582 2155 2626 esse
2173 2565 2414 2649 festum
2483 2564 2840 2651 spiritualis

491 2666 852 2737 nativitatis
889 2668 1151 2733 Christi.
1214 2669 1290 2730 In
1333 2687 1461 2751 quo
1505 2669 1700 2732 etiam
1742 2677 1975 2731 errant.
2021 2670 2109 2731 Hi
2151 2670 2443 2753 Armeni,
2481 2676 2554 2731 nt
2595 2667 2839 2730 dictum

495 2780 602 2839 est
627 2777 941 2865 *superius
986 2773 1068 2837 de
1090 2775 1454 2859 Georgicis,
1498 2773 1860 2838 habuerunt
1897 2783 2176 2838 montem
2199 2772 2561 2857 Calvariae,
2600 2772 2721 2836 sed
2757 2758 2851 2835 eo*
2922 2794 2951 2831 4

494 2882 739 2943 amisso
784 2886 1082 2943 emerunt
1119 2898 1165 2941 a
1206 2878 1493 2941 Soldano
1536 2877 1751 2942 locum
1791 2880 1859 2941 in
1923 2878 2255 2963 superiori*
2297 2879 2519 2965 templi
2574 2877 2838 2959 ambitu,

494 2991 563 3045 et
604 2983 693 3045 ibi
736 2984 1001 3047 chorum
1045 2990 1628 3068 consecraverunt,
1694 2989 1760 3044 et
1815 2982 2189 3047 habitacula
2249 2984 2564 3049 fecerunt.
2668 2983 2839 3047 Sunt

494 3094 709 3149 autem
751 3086 1022 3150 Armeni
1064 3088 1280 3150 minus
1342 3088 1530 3150 nobis
1602 3086 1929 3151 difformes
2009 3107 2204 3172 qnam
2259 3090 2644 3175 quicumque
2727 3088 2840 3151 alii

493 3189 790 3275 praefati.
903 3191 1110 3269 Potro‘
1161 3191 1382 3257 audivi
1401 3236 1423 3275 ,
1482 3190 1858 3275 {requenter
1921 3212 2073 3258 esse
2126 3197 2441 3285 quosdam
2494 3196 2838 3277 Armenos,

495 3294 607 3378 qui
646 3292 859 3357 nullos
904 3294 1146 3358 habent
1189 3294 1566 3359 sacerdotes
1588 3340 1609 3381 ,
1667 3298 1796 3359 nisi
1855 3297 2092 3363 fratres
2148 3301 2679 3385 praedicatores,
2723 3300 2834 3385 qui

494 3408 650 3463 sunt
693 3417 916 3464 eorum
971 3401 1259 3487 episcopi
1302 3403 1509 3464 curati
1568 3411 1636 3464 et
1690 3404 2090 3491 sacerdotes,
2138 3416 2207 3470 et
2244 3416 2408 3470 'sunt
2444 3408 2667 3491 optimi
2717 3418 2839 3470 ca-

495 3504 739 3589 tholici,
784 3518 958 3590 quos·
991 3505 1252 3592 quidam
1297 3507 1495 3570 frater
1518 3506 1783 3573 Ordinis
1820 3508 1900 3573 ad
1942 3510 2137 3577 fidem
2161 3514 2504 3596 convertit,
2546 3520 2613 3574 et
2635 3512 2838 3575 Sum-

495 3630 662 3675 mam
707 3612 779 3675 S.
823 3614 1109 3676 'rhomae
1148 3613 1216 3678 in
1275 3633 1492 3676 eornm
1532 3613 1820 3699 linguam
1878 3617 2235 3701 transtulit,
2304 3627 2369 3680 et
2417 3617 2580 3681 alios
2637 3617 2839 3681 libros

494 3716 954 3781 catholicorum
996 3717 1350 3783 doctorum.
1438 3718 1672 3785 Solent
1710 3721 1803 3785 illi
1845 3721 2114 3785 Armeni
2155 3743 2271 3807 pro
2337 3732 2624 3806 tempore
2664 3722 2838 3785 visi-

495 3826 643 3882 tare
673 3821 1058 3905 generalem
1105 3825 1487 3905 magistrum
1533 3825 1803 3889 Ordinis
1845 3825 2367 3891 Praedicator-um
2387 3873 2408 3911 ,
2449 3838 2515 3893 et
2554 3846 2633 3890 se
2663 3826 2836 3890 filios

494 3941 659 3987 suae
689 3924 1110 4013 ‚obedientiae
1154 3928 1480 4013 exhibere,
1525 3939 1592 3992 et
1626 3929 2037 4013 sepulchrum
2061 3934 2233 3997 beati
2265 3932 2589 3998 Dominici
2624 3932 2835 4017 patris

497 4030 703 4091 nostri
746 4029 1020 4094 visitant
1058 4033 1129 4096 in
1171 4035 1468 4098 Bononia
1503 4035 1904 4105 cum,multa
1946 4036 2306 4102 devotione.
2358 4074 2371 4085 -
2413 4039 2562 4129 Hpc
2615 4035 2836 4109 andivi

492 4152 534 4198 a
573 4134 796 4217 multis
843 4134 1190 4220 fratribus,
1251 4138 1361 4223 qui
1411 4156 1527 4205 eos
1568 4138 1869 4204 viderunt
1914 4151 1981 4205 et
2042 4142 2429 4211 audivenmt
2492 4144 2835 4226 loquentes

493 4257 640 4305 cum
685 4230 1012 4324 Generali,
1052 4242 1242 4309 modo
1284 4262 1415 4329 quo
1457 4255 1755 4331 poterant
1776 4291 1797 4330 ,
1855 4248 2008 4332 quia
2056 4247 2259 4314 latha
2321 4250 2561 4337 lingua·
2606 4252 2835 4313 carent

490 4353 559 4408 et
612 4346 893 4412 italicam
932 4347 1251 4432 ignorant.
