3242 5259
1695 304 1780 369 ⁷⁰

578 502 899 568 dominam
941 493 1310 562 Johsunem
1353 490 1718 569 Trnchsas,
1782 500 1849 552 et
1890 489 2234 552 Dominum
2254 487 2525 554 -Ursum
2567 485 2651 550 de
2690 485 2921 558 Rech-

579 601 774 690 b'erg:
820 605 1092 691 quartus
1127 615 1292 660 -vero
1325 595 1647 660 Dominus
1682 596 2041 666 ,Iohannes-
2084 593 2424 657 wernher
2463 592 2547 656 de
2588 592 2921 677 Cymbern

506 759 512 763 ,
576 716 752 778 Baro
793 709 1244 793 praecesserat
1295 719 1450 784 eos,
1500 710 1576 764 ut
1619 701 1927 765 venetiis
1975 695 2059 770 de
2098 700 2379 783 hospitio
2440 718 2727 786 congruo
2767 724 2925 788 pro-

576 820 897 884 visionem
942 809 1188 876 faceret
1241 827 1356 891 pro
1401 805 1680 870 dominis
1723 816 1787 869 et
1831 807 2018 870 uobis
2059 808 2377 870 omnibus.
2434 877 2451 892 .

735 920 1021 990 ,Decima
1073 933 1247 982 nona
1301 912 1406 998 5110
1461 913 1542 978 ab
1609 911 1722 975 illo
1774 912 1918 982 loco
1989 913 2146 994 post
2206 922 2535 997 sumptum
2586 914 2927 999 prandium

579 1027 1001 1092 recessimus.
1061 1029 1132 1084 et
1194 1037 1342 1084 cum
1390 1016 1583 1099 juxta
1640 1019 2100 1083 monasterium
2168 1018 2403 1082 Cellae
2455 1039 2589 1085 nox
2591 1038 2671 1088 ae
2729 1040 2932 1114 prope

578 1107 910 1206 Brixin'am
950 1126 1213 1191 Ordinis
1261 1122 1735 1186 Canonicorum
1778 1113 2205 1206 Regularium
2258 1143 2613 1209 essemus,-
2636 1127 2932 1210 Praepo-

580 1242 770 1322 situs
815 1232 1190 1300 monasterii
1272 1231 1460 1293 nobis
1525 1229 1838 1312 occurrit,
1909 1246 2267 1313 omnesque
2332 1231 2398 1292 iu
2463 1233 2928 1296 monasterium

579 1363 806 1410 secum
869 1338 1088 1421 (luxit,
1147 1343 1412 1419 propter
1479 1332 1825 1398 Dominum
1890 1333 2257 1398 Johsnnem
2318 1337 2694 1419 Tmolius,
2739 1353 2931 1420 quem

579 1448 1031 1525 venerabatur,
1072 1441 1228 1524 quia
1268 1440 1353 1504 de
1369 1437 1718 1520 Waldsee,
1753 1439 1866 1501 ubi
1895 1438 2211 1504 Dominus
2231 1442 2572 1505 Johannes
2602 1444 2933 1506 Truchsas

579 1551 852 1634 psidet,
922 1545 1299 1631 assumptus
1364 1547 1574 1610 fuerat
1641 1547 1709 1607 in
1769 1543 2222 1627 Praepositum
2284 1546 2460 1610 illius
2536 1549 2928 1611 monasterii.

545 1660 812 1746 gNolult
854 1664 1068 1719 autem
1134 1652 1348 1716 dictus
1402 1651 1823 1732 Praepositus
1883 1670 2004 1718 nos
2059 1650 2170 1714 illo
2231 1650 2338 1715 (lie
2380 1672 2422 1715 s
2470 1672 2548 1717 se
2592 1653 2930 1739 dimittere,

580 1755 720 1827 sed*
745 1762 958 1843 coegit
991 1773 1288 1841 manere,
1331 1764 1399 1819 et
1438 1755 1947 1820 cumulatissime
1989 1775 2110 1819 nos
2151 1760 2474 1821 tractavit.
2575 1760 2698 1826 Est
2758 1763 2928 1844 enim

545 1851 582 1902 ·'
581 1868 1041 1934 monasterium
1074 1863 1269 1927 valde
1301 1862 1591 1936 solemne
1626 1871 1692 1926 et
1736 1861 2005 1926 multum
2041 1862 2399 1925 abundans.
2472 1864 2607 1926 Vix
2649 1864 2786 1930 vidi
2832 1873 2930 1928 tot

577 1991 746 2036 vasa
766 1978 1074 2054 argentea
1091 1978 1157 2032 et
1175 1987 1390 2051 aurea,
1404 1968 1606 2032 sicut
1585 1987 1654 2032 ιιι
1682 1967 1955 2031 triclinio
1979 1967 2151 2030 illius
2166 1968 2546 2050 Praepositi.
2565 1969 2931 2040 Ecclesiam

581 2080 776 2143 habet
803 2094 1104 2158 maguam
1127 2094 1272 2140 cum
1306 2076 1587 2158 pretioso
1615 2082 1865 2155 ornatu,
1894 2081 1957 2135 et
1974 2073 2329 2137 Librariam
2353 2075 2609 2143 bonam.
2645 2074 2812 2140 Sunt
2835 2075 2925 2139 ibi

584 2184 708 2256 viri
730 2184 959 2245 maturi
992 2189 1058 2250 et
1077 2180 1622 2248 observantialest
1651 2199 1977 2263 nunquam
2013 2180 2271 2262 videtur
2289 2180 2443 2242 mihi
2465 2199 2572 2243 me
2592 2179 2930 2246 audivisse

582 2299 715 2354 tam
761 2287 1120 2371 regularem
1155 2294 1218 2348 et
1244 2286 1478 2350 bonum
1505 2286 1683 2348 chori
1706 2296 1988 2369 cainum,
2026 2287 2197 2348 sicut
2238 2286 2306 2350 in
2347 2286 2474 2349 hoc
2515 2286 2927 2350 monasterio.

751 2395 1083 2461 vicesima
1125 2391 1264 2474 die,
1303 2409 1471 2474 quae
1514 2401 1653 2454 erat
1697 2392 2024 2457 dominica
2062 2391 2388 2475 Jubilate,
2457 2392 2818 2457 mansimus
2858 2393 2930 2454 in

587 2497 832 2564 divinis
891 2497 1126 2560 officiis
1186 2500 1257 2559 in
1311 2495 1501 2580 Cella
1561 2516 1768 2580 nova,
1836 2507 1902 2559 et
1977 2502 2044 2562 iu
2101 2496 2411 2582 prandi03
2490 2507 2558 2560 et
2615 2496 2849 2560 deinde
2891 2513 2932 2558 a

586 2604 976 2669 monasterio
1069 2591 1512 2678 recessimus:
1593 2601 1761 2667 Cum
1825 2603 2208 2682 festmanua
2293 2612 2509 2668 autem
2599 2603 2931 2680 Buxinam

588 2712 917 2774 civitatem
958 2710 1528 2791 pertransivimnS,
1553 2709 1726 2794 „quis
1782 2708 2119 2772 dicebatur
2161 2707 2462 2787 dominis,
2510 2707 2683 2789 quod
2727 2707 2937 2789 pesti-

589 2813 790 2878 lentis
842 2814 932 2876 ibi
975 2822 1324 2897 grassaret.
1411 2813 1580 2878 Altis
1621 2822 1839 2876 tamen
1895 2815 2150 2878 vicibus
2202 2815 2272 2875 iu
2326 2831 2409 2878 es
2471 2812 2738 2873 civitate
2781 2830 2937 2893 per-

549 2921 869 2988 ,noctavi
913 2918 1014 2979 Ibi
1056 2926 1156 2980 est
1181 2921 1617 3001 Episcopatus
1661 2918 2022 2982 abundans.
2083 2917 2237 2982 Ideo
2268 2917 2642 2999 frequenter
2682 2925 2937 2980 mortuo

535 3037 548 3048 ⁴
588 3026 895 3106 episcopo
937 3023 1283 3103 insurgunt
1325 3026 1505 3085 rixae
1550 3031 1615 3085 et
1660 3024 2107 3084 contentiones
2155 3021 2441 3102 multae,
2484 3028 2549 3081 et
2593 3019 2933 3102 primariae

590 3126 1106 3209 perturbationes
1147 3143 1264 3205 pro
1316 3125 1748 3206 Episcopatu:
1800 3132 1871 3185 et
1913 3133 2048 3187 tota
2089 3133 2260 3190 terta
2298 3123 2413 3187 illa
2479 3123 2823 3187 interdicto
2867 3134 2932 3188 et

591 3229 888 3306 censuris
951 3229 1417 3292 ecclesiasticis
1486 3237 1788 3296 vexatur.
1871 3227 2123 3294 Recolo
2148 3274 2169 3312 ,
2229 3231 2402 3313 quod
2445 3237 2709 3312 propter
2750 3229 2932 3294 illum

592 3335 1057 3426 Episcopatum
1117 3333 1271 3396 Dux
1339 3333 1644 3396 Austriae
1696 3333 2189 3418 Sigismundus,
2249 3339 2360 3420 qui
2419 3333 2621 3398 hodie
2664 3344 2801 3417 est,
2866 3344 2935 3397 et

590 3449 729 3504 tota
749 3449 923 3502 terra
954 3437 1069 3501 illa
1106 3436 1444 3502 interdicto
1473 3439 1700 3503 stricto
1726 3447 1788 3500 et
1830 3442 2225 3522 gravissima
2257 3443 2932 3506 excommunicatione

591 3543 712 3608 fuit
754 3548 1055 3629 punitust
1095 3547 1191 3609 lta
1212 3545 1384 3629 quod
1413 3545 1626 3608 omnis
1651 3544 1865 3629 homo,
1887 3548 2037 3609 sive
2066 3550 2442 3631 ignoranter
2465 3550 2614 3611 sive
2648 3551 2931 3612 scienter

589 3652 915 3714 transiens
950 3670 1068 3733 per
1109 3661 1343 3715 terram
1384 3651 1591 3735 Illam,
1636 3650 1760 3716 fuit
1805 3657 2397 3719 excommunicatus
2420 3652 2585 3732 (B).
2628 3653 2931 3716 Ecclesia

591 3754 982 3819 cathedralis
1050 3766 1155 3820 est
1224 3757 1511 3841 pulchra.
1612 3754 1910 3834 Quadam
1978 3760 2126 3824 vice
2178 3766 2265 3828 „in
2361 3758 2588 3823 eadem
2644 3756 2928 3819 ecclesia

588 3862 775 3943 steti,
838 3861 1062 3926 diceus
1096 3881 1243 3927 cum
1285 3865 1467 3928 sooio
1529 3862 1730 3926 fratre
1786 3865 1981 3927 horas
2051 3869 2432 3945 canonicas;
2513 3862 2923 3946 praepositus
3048 3854 3052 3857 ⁴

587 3975 801 4030 autem
836 3966 1158 4030 ecclesiae
1189 3967 1486 4034 dominus
1511 3976 1576 4030 et
1611 3970 1964 4032 canonicus
1998 3988 2273 4051 magnus
2296 3970 2479 4058 -misit
2515 3965 2921 4048 capellanum

587 4088 778 4136 suum
821 4072 904 4136 ad
947 4090 1069 4135 nos
1112 4080 1180 4135 et
1227 4073 1685 4155 interrogavit,
1729 4090 1814 4136 an
1857 4089 2155 4135 essemus
2185 4073 2422 4138 fratres
2454 4070 2920 4164 mendicantes,

588 4183 654 4239 et
696 4186 1003 4260 percepta
1040 4177 1320 4240 veritate
1360 4175 1590 4242 direxit
1635 4177 1822 4238 nobis
1872 4177 2177 4258 pinguem
2244 4186 2312 4240 et
2350 4173 2585 4239 bonam'
2631 4174 2920 4240 elesmo-

588 4295 838 4363 syuam.
925 4279 1140 4348 Valde
1206 4282 1373 4344 bene
1429 4288 1633 4350 staret
1688 4280 1785 4346 ibi
1837 4290 2201 4345 conventus
2255 4281 2566 4345 bonorum
2624 4280 2916 4347 fratrum.

585 4384 663 4447 In
705 4393 843 4450 tota
897 4402 1180 4468 namque
1230 4385 1542 4476 dioecesi„
1567 4404 1697 4449 non
1763 4393 1867 4452 est
1921 4383 2157 4469 aliquis
2215 4394 2579 4451 conventus
2643 4387 2909 4456 fratrum
