3242 5259
1532 227 1658 294 43⁷

402 411 614 477 locum
658 407 1033 475 transeundi
1079 406 1326 491 darent,
1357 420 1422 472 et
1465 412 1641 473 viam
1684 409 1949 473 liberam
1987 409 2114 501 sibi
2142 409 2454 490 facerent,
2490 410 2745 475 hastam
2820 464 2829 475 .

403 514 815 596 vibravit,‚et
856 512 1100 587 directe
1143 523 1368 577 contra
1410 513 1645 577 faciem
1678 530 1890 577 meam
1928 531 2070 575 eam
2107 512 2362 596 direxit,
2407 515 2513 576 cui
2543 530 2745 597 prop-

406 627 506 682 ter
554 604 1029 689 multitudinem
1071 617 1283 681 locum
1328 617 1485 703 dare
1525 626 1656 682 non
1700 619 1916 701 potui,
1973 634 2098 679 nec
2140 615 2222 679 de
2261 617 2446 680 asino
2489 619 2743 703 cadere,

406 724 575 789 sicut
633 722 909 785 libenter
988 721 1312 819 fecissem.
1398 725 1488 785 Et
1550 725 1645 786 ita
1698 722 1897 785 ictum
1966 721 2294 784 venientis
2356 732 2581 785 contra
2640 744 2745 789 me

405 827 811 907 conctusiui
851 835 1236 908 exspectare
1279 840 1424 888 cum
1471 844 1709 909 magno
1752 835 1996 889 terrore
2038 825 2389 888 et·timore.
2448 828 2745 917 Veniens
2782 813 2791 822 ’
2832 920 2835 923 ¹
2882 824 2887 827 ’

406 938 619 993 autem
664 929 811 992 forti
849 930 986 997 ietu
1029 918 1276 1013 pileum'
1314 930 1395 993 de
1437 932 1651 1012 capite
1678 949 1821 1015 meo
1859 928 2218 1013 eum.,ferro
2258 938 2451 993 acuto
2484 931 2743 1015 avulsit„

406 1043 472 1097 et
512 1034 812 1098 deridens
855 1035 1200 1116 praeteriit.
1291 1033 1417 1099 Fui
1455 1045 1667 1099 autem
1715 1033 1959 1117 laetus,
1999 1034 2151 1119 quia
2195 1034 2402 1096 mansi
2445 1029 2747 1121 illaesus,⁸

407 1146 474 1202 et
514 1139 719 1207 tristis
761 1138 850 1205 de
887 1137 1429 1203 asino-descendi
1465 1140 1532 1201 in
1569 1120 1845 1202 tumultu
1885 1139 1968 1205 ad
2011 1136 2440 1221 quaerendum
2483 1140 2751 1234 pileusm,

407 1218 600 1326 quem
644 1241 900 1328 quidam
952 1243 1337 1326 peregrinus
1375 1243 1733 1328 levaverat,
1778 1251 1843 1306 et
1889 1243 2045 1307 mihi
2088 1260 2234 1305 eum
2277 1241 2573 1310 reddidit.
2620 1247 2751 1309 Fui-

405 1348 572 1411 bene
613 1355 988 1428 contentus,
1029 1345 1206 1430 quod
1246 1346 1358 1409 ille
1396 1354 1604 1411 artem
1645 1346 1955 1430 tangendi
1999 1345 2270 1431 cuspide
2328 1366 2497 1432 rem,
2554 1361 2744 1432 prout

404 1452 638 1535 voluit,
709 1453 874 1514 bene
932 1451 1168 1533 scivit,
1204 1452 1358 1535 quia
1371 1496 1394 1535 ,
1459 1454 1517 1516 si
1580 1472 1698 1535 pro
1771 1470 1899 1516 uno
1941 1462 2286 1515 tansverso
2350 1452 2553 1539 dig-ito
2596 1450 2742 1538 (B)

407 1556 617 1639 magis
658 1558 855 1627 basae
897 1554 1604 1638 vibratamtenuisset,
1647 1565 1883 1621 testam
1926 1556 2173 1619 cerebri
2216 1556 2371 1620 mihi
2412 1558 2743 1641 perforas-

403 1668 524 1723 set.
610 1660 820 1735 Erant
861 1670 1078 1724 autem
1121 1660 1214 1723 illi
1258 1679 1536 1744 nequam
1575 1662 1754 1725 servi
1794 1660 2080 1743 illorum,
2135 1659 2246 1745 qui
2289 1678 2412 1725 nos
2464 1664 2743 1746 pecunia

409 1763 911 1845 mulctaverant,
967 1773 1031 1827 et
1076 1783 1224 1829 cum
1267 1765 1519 1829 laetitia
1562 1765 1647 1829 ad
1690 1764 1985 1829 dominos
2029 1781 2186 1827 suos
2252 1766 2519 1833 exibant
2580 1786 2742 1832 con-

400 1866 765 1953 gaudentes
805 1868 906 1931 eis
944 1867 1027 1932 de
1066 1870 1342 1953 pecunia
1383 1879 1654 1953 accepta
1695 1878 1763 1934 et
1803 1870 1994 1934 nobis
2032 1868 2436 1937 insultantes.

443 2099 560 2174 De
607 2099 945 2198 ingram
993 2101 1538 2202 pereminorum
1583 2101 1657 2175 in
1702 2101 2141 2179 Bethlehem
2188 2102 2260 2178 in
2308 2036 2733 2179 ecelesiam,

1208 2222 1610 2299 nativitatis
1666 2219 1965 2300 Christi.

571 2395 738 2463 Cum
800 2420 1003 2487 prope
1077 2420 1374 2471 essemus
1458 2405 1793 2469 civitatem
1858 2403 2239 2471 Bethlehem
2319 2424 2437 2487 per
2491 2403 2738 2486 jactum

405 2521 597 2567 arcus
639 2507 719 2569 ab
763 2507 907 2590 ejus
949 2509 1230 2589 introitu,
1273 2511 1572 2575 venimus
1609 2508 1693 2573 ad
1728 2508 1961 2591 locum,
1996 2508 2062 2570 in
2106 2526 2234 2592 quo
2276 2519 2415 2583 erat
2454 2510 2740 2573 cisterna

401 2607 614 2673 David
631 2655 651 2692 ,
695 2629 862 2695 quae
904 2612 1050 2676 ideo
1109 2613 1347 2678 dicitur
1388 2615 1675 2677 cisterna
1714 2612 1968 2696 David,
2013 2613 2201 2696 quia,
2241 2622 2312 2676 ut
2354 2615 2632 2678 habetur
2670 2615 2733 2678 2.

403 2713 572 2798 neg.
612 2716 716 2780 23.
775 2714 991 2779 David
1035 2717 1120 2780 de
1161 2736 1241 2780 ea
1283 2717 1691 2784 desiderabat
1734 2719 1974 2800 bibere,
2019 2735 2168 2780 cum
2211 2728 2389 2782 esset
2432 2720 2499 2783 in
2540 2737 2738 2801 prae-

401 2819 601 2903 sidio,
646 2828 714 2883 et
752 2820 897 2902 ipsa
944 2821 1234 2885 cisterna
1274 2828 1455 2885 esset
1496 2823 1929 2907 circumsepta
1964 2825 2248 2887 inimicis
2269 2868 2290 2906 ,
2353 2841 2481 2907 quo
2521 2831 2738 2887 tamen

404 2943 535 2987 non
582 2924 885 2986 obstante
939 2934 1073 2989 tres
1139 2926 1339 2989 fortes
1387 2925 1469 2990 de
1509 2929 1802 2992 exercitu
1844 2928 2058 2992 David
2117 2929 2479 3011 irruperunt
2522 2936 2738 2993 castra

401 3028 884 3093 Philistinorum
958 3039 1026 3094 et
1086 3031 1440 3095 hauserunt
1523 3050 1787 3116 aquam-
1834 3034 1917 3098 de
1979 3035 2270 3099 cisterna
2331 3033 2735 3115 Bethlehem,

404 3153 574 3219 quae
615 3144 752 3199 erat
786 3135 976 3218 juxta
1014 3144 1287 3219 portam,
1318 3142 1388 3198 et
1419 3135 1768 3200 attulerunt
1809 3137 1895 3201 ad
1913 3138 2151 3221 David,
2187 3138 2297 3224 qui
2328 3157 2472 3202 eam
2516 3138 2737 3203 bibere

404 3239 640 3322 noluit,
682 3239 802 3303 sed
841 3236 1119 3321 Domino
1163 3257 1306 3303 eam
1349 3240 1594 3304 libavit.
1676 3242 1801 3305 Est
1861 3243 2033 3307 enim
2096 3244 2381 3325 cisterna
2442 3242 2732 3327 grandis,

404 3343 726 3424 profunda
767 3352 833 3406 et
873 3343 1009 3408 lata
1050 3362 1369 3428 cavema,
1412 3345 1662 3409 habens
1702 3348 2003 3435 superius
2046 3349 2174 3411 tria
2213 3367 2361 3431 ora,
2420 3347 2566 3409 sive
2606 3348 2735 3423 tria

404 3446 844 3529 foraminaab
869 3451 1156 3514 invicem
1197 3447 1539 3533 distantia,
1603 3469 1722 3533 per
1770 3467 1942 3533 quae
1984 3469 2156 3534 aqua
2201 3449 2284 3515 de
2319 3448 2545 3514 eodem
2588 3449 2735 3523 lacu

400 3551 708 3637 hauritur,
753 3560 822 3615 et
859 3553 1146 3616 continet
1192 3570 1397 3637 aquas
1437 3554 1761 3637 copiosas,
1813 3554 2043 3637 claras,
2090 3570 2288 3616 sanas
2330 3563 2397 3617 et
2441 3552 2733 3637 frigidas,

383 3654 485 3735 de
546 3658 780 3739 quibus
829 3657 1164 3722 hausimus
1221 3665 1291 3720 et
1347 3659 1690 3725 bibimus.
1749 3658 2011 3741 Vulgus
2079 3666 2292 3721 tamen
2358 3667 2422 3721 et
2480 3658 2753 3725 incolae.

389 3760 779 3863 Bgthlehem
857 3780 1032 3827 nune
1107 3762 1557 3826 abominantur
1617 3771 1683 3826 et
1741 3763 2000 3826 horrent
2066 3780 2273 3847 aquas
2328 3762 2509 3844 illas,
2582 3762 2735 3847 quia

389 3832 716 3985 ,ςὶειέείιιι
752 3866 980 3943 mulier
1012 3867 1424 3932 sarracenica
1455 3884 1689 3950 aquam
1732 3867 1988 3931 haurire
2018 3868 2252 3931 volens
2293 3875 2448 3933 ante
2488 3883 2733 3951 pancos

400 3954 592 4034 Μεθ’
618 3980 685 4033 et
745 3970 1005 4035 incaute
1066 3989 1273 4056 agens
1350 3990 1467 4054 per
1525 3990 1602 4036 os
1661 3974 1987 4036 cisternae
2066 3972 2300 4056 illapsa
2364 3976 2430 4035 in
2497 3990 2729 4055 aquam

395 4073 630 4145 cecidit
689 4082 759 4138 et
802 4084 1058 4141 mortua
1119 4082 1409 4140 extracta
1452 4075 1590 4139 fuit.
1677 4076 1783 4140 Ab
1825 4076 1939 4140 illa
1980 4078 2265 4143 cisterna
2305 4077 2605 4141 venimus
2646 4072 2729 4138 ad

398 4174 570 4241 latus
626 4174 934 4245 civitatis
975 4179 1357 4245 benedictae
1417 4179 1834 4264 Bethlehem,
1904 4181 2024 4246 sed
2066 4201 2215 4267 ,non
2277 4198 2504 4255 sumus
2585 4198 2727 4243 eam

376 4281 710 4364 ingressi,
747 4291 811 4348 et
853 4281 937 4348 ‘ad
982 4284 1157 4351 latus
1197 4285 1344 4369 ojus
1383 4286 1807 4351 transivimus
1848 4297 2075 4357 contra
2116 4289 2463 4365 orientem,
2506 4292 2570 4346 et
2615 4301 2731 4366 per
