3242 5259
1631 269 1761 335 264

535 462 764 526 dieunt
782 505 804 544 ,
846 455 1021 543 quod
1073 472 1329 540 ungues
1373 454 1718 540 digitorum
1758 449 1904 533 ejus
1949 453 2298 516 creverunt
2362 445 2431 510 in
2478 454 2712 512 terram
2731 491 2752 530 ,
2794 454 2865 509 et

530 557 732 632 barba
816 562 959 646 ejus
1047 561 1327 644 oblonga
1401 558 1791 642 dependeat:
1879 545 2137 620 notans‘
2204 553 2463 619 radices
2524 562 2593 616 et
2648 569 2864 616 ramos

533 671 799 735 arboris.
879 668 1130 731 Verum
1174 673 1389 729 tamen
1428 663 1684 728 incolae
1726 661 1955 728 domus
1995 670 2062 725 et
2103 658 2457 725 Christiani
2514 657 2865 722 orientales

532 791 760 840 omnes
800 780 1193 836 venerantur
1233 772 1404 836 hane
1444 771 1770 851 arborem,
1825 766 2150 850 dieentes,
2214 764 2388 851 quod
2429 763 2864 848 antiquissimi

532 881 674 944 libri
717 898 938 942 eorum
990 875 1529 959 habeant,·quod
1589 873 1911 937 Dominus
1971 872 2176 935 Jews
2239 871 2423 934 stetit
2480 869 2721 953 ligatus
2778 865 2865 931 sd

531 985 707 1051 illam
751 984 1075 1066 arborem,
1116 981 1367 1045 interim
1412 979 1587 1066 quod
1630 978 1907 1043 ministri
1969 975 2390 1042 comedebant
2431 985 2499 1039 et
2541 976 2866 1056 bibebant,

532 1090 686 1176 quia
708 1090 939 1152 Annas
983 1086 1066 1150 de
1102 1086 1482 1171 captivitate
1500 1085 1759 1149 Domini
1783 1084 1952 1147 Jesu
1993 1083 2396 1146 exhilaratus
2430 1079 2609 1145 dedit
2648 1080 2865 1144 eibum

530 1205 596 1260 et
629 1202 853 1280 potum
897 1192 1391 1277 esptIvantibus.
1475 1193 1576 1253 Es
1616 1189 1701 1254 de
1738 1206 1941 1253 eausa
1980 1198 2048 1252 et
2089 1206 2212 1252 nos
2253 1187 2541 1271 stipitem
2583 1184 2869 1249 deoseu-

532 1302 648 1366 lati
689 1317 939 1365 sumus.
1023 1293 1148 1361 Est
1189 1305 1408 1361 autem
1469 1298 1661 1360 arbor
1712 1294 1826 1359 illa
1885 1295 2336 1358 vetustissima
2375 1301 2501 1355 ete.
2586 1291 2873 1353 Demum

535 1407 822 1492 regressi
887 1420 1115 1468 sumus
1167 1404 1236 1465 in
1315 1402 1696 1483 ecelesiam,
1773 1409 1839 1463 et
1900 1400 2229 1464 orationes
2313 1398 2747 1482 praescriptas
2800 1399 2873 1461 in

532 1510 999 1597 processionali
1061 1508 1376 1592 diximus,
1435 1516 1503 1572 et.
1565 1505 2002 1590 indulgentias
2062 1504 2394 1590 plenariae
2469 1503 2871 1568 remissionis

534 1619 904 1701 accepImus
938 1615 1123 1698 (ἢ).

680 1904 800 1981 De
867 1902 1084 1981 domo
1128 1901 1486 2007 Csyphse
1545 1901 1930 2007 pontificis,
1976 1901 2050 1978 in
2102 1925 2244 2001 qua
2291 1896 2548 1979 illusus
2592 1899 2732 1978 fuit

1195 2025 1548 2102 Dominus
1590 2025 1824 2104 Jesus
1868 2022 2233 2104 Christus.

703 2232 1043 2296 Bxetmtes
1081 2239 1298 2295 autem
1339 2230 1424 2296 de
1476 2231 1665 2296 domo
1708 2230 1943 2295 Annae
1987 2230 2316 2315 pontisseis
2358 2238 2587 2296 eontra
2616 2231 2873 2295 domum

537 2334 857 2420 cayphae
896 2338 1385 2421 properavimus
1423 2354 1569 2400 eum
1594 2338 1767 2401 serio
1812 2346 1878 2400 et
1910 2337 2259 2401 devotione
2299 2337 2586 2420 vestigia
2616 2335 2878 2400 Domini

532 2442 700 2505 Jesu
739 2449 1048 2505 terentes.
1145 2442 1255 2506 Ad
1310 2441 1569 2507 domum
1623 2450 1843 2506 sutem
1895 2460 2045 2506 eum
2098 2442 2535 2524 venissemus,
2588 2441 2878 2506 clausam

535 2548 903 2640 invenimus
964 2553 1033 2610 et
1087 2546 1431 2630 pulsantes
1468 2548 1821 2612 intromissi
1887 2565 2130 2611 sumus.
2222 2550 2311 2612 Et
2341 2548 2623 2631 ingressi
2658 2546 2879 2611 eoele-

537 2653 702 2717 sism
751 2654 1083 2717 orationes
1115 2653 1411 2735 sig-natas
1451 2652 1754 2735 diximus,
1794 2662 1861 2716 et
1896 2653 2337 2738 indulgentias
2372 2654 2701 2739 plenariae
2714 2653 2876 2735 (ἢ)

537 2759 939 2823 remissionis
981 2760 1372 2842 accepimus.
1430 2756 1574 2840 (B)
1612 2761 1801 2822 Haeo
1848 2759 2130 2823 ecelesia
2161 2758 2394 2823 dieitur
2434 2758 2517 2822 sd
2561 2755 2876 2823 Sanctum

537 2865 964 2947 Salvatorem,
1009 2872 1076 2926 et
1116 2863 1185 2925 in
1226 2863 1372 2926 loco
1414 2871 1571 2948 stat,
1613 2866 1725 2929 ubi
1767 2872 1906 2929 eret
1941 2864 2171 2929 domus
2217 2863 2566 2948 Cayphae,
2628 2868 2696 2928 in
2745 2883 2880 2951 qua

538 2968 725 3032 domo
752 2974 998 3051 quanta
1019 2967 1335 3031 Dominus
1354 2968 1559 3032 Jesus
1587 2987 1943 3053 perpessus
1984 2969 2197 3052 fuerit,
2241 2988 2371 3033 non
2411 2979 2516 3034 est
2550 2968 2880 3036 Christia-

538 3087 685 3155 nus,
729 3074 841 3156 qui
885 3072 1051 3136 haee
1087 3073 1364 3154 ignoret.
1403 3073 1500 3137 lbi
1521 3075 1694 3138 enim
1736 3074 2132 3160 quaerebant
2162 3074 2398 3139 falsum
2438 3076 2877 3141 testimonium

540 3183 767 3241 eontra
806 3175 1058 3259 Jesum,
1100 3192 1224 3238 nee
1263 3176 1723 3241 inveniebant:
1769 3178 1860 3241 ibi
1899 3178 2139 3243 Petrus
2178 3181 2351 3244 trina
2392 3180 2547 3247 viee
2587 3182 2877 3266 negavit,

540 3299 619 3345 se
685 3279 1011 3344 hominem
1088 3280 1267 3345 illum
1322 3298 1628 3345 noscere:
1681 3282 1773 3346 ibi
1836 3283 2152 3348 Dominus
2212 3285 2416 3349 Jesus
2488 3286 2614 3352 fuit
2688 3287 2879 3352 vela-

541 3381 680 3467 (ιιι,
737 3394 1126 3470 consputus,
1198 3384 1492 3469 eolaphls
1549 3396 1616 3451 et
1678 3386 1888 3472 alapis
1946 3407 2186 3453 eaesus
2235 3392 2426 3477 quasi
2481 3398 2624 3455 tota
2663 3401 2878 3477 noete,

538 3495 608 3553 et
649 3487 739 3553 ibi
778 3490 984 3555 tribus
1013 3492 1190 3556 horis
1230 3493 1298 3556 in
1342 3492 1670 3558 artissimo
1710 3511 1974 3559 eareere
2033 3498 2217 3560 stetit
2278 3498 2592 3561 inclusus.
2693 3495 2880 3576 Qua-

536 3585 799 3679 propter
824 3596 992 3661 haee
1031 3596 1545 3682 contemplamus
1583 3597 1829 3664 diutius
1845 3601 1935 3666 ibi
1974 3602 2043 3665 in
2075 3604 2368 3666 oratione
2385 3603 2878 3686 permansimus,

538 3708 609 3764 et
650 3702 929 3786 fletibus,
969 3703 1271 3787 suspiriis
1312 3721 1392 3768 ae
1430 3705 1784 3788 gemitibus
1839 3706 2056 3772 locum
2109 3707 2524 3791 replevimus.
2620 3707 2881 3772 Deinde

534 3824 685 3896 eim
727 3807 809 3871 ab
849 3807 1136 3871 oratione
1174 3809 1666 3892 surrexissmus,
1730 3811 2298 3878 circumduxerunt
2342 3831 2468 3879 nos
2516 3812 2881 3899 presbyteri

540 3887 724 3995 ejusd
732 3931 835 3976 em
877 3913 1197 3978 ecelesiae
1236 3933 1356 3997 per
1395 3914 1661 3998 singula
1679 3913 1823 3979 loea
1856 3916 2110 4001 domus,
2153 3927 2221 3983 et
2258 3919 2465 4004 primo
2506 3920 2579 3984 in
2612 3920 2879 3984 eborum

536 4011 837 4082 venimus
875 4016 964 4081 ed
1004 4018 1210 4082 altare
1251 4018 1482 4103 majus,
1513 4018 1689 4105 quod
1729 4019 2039 4086 detractis
2078 4022 2270 4107 pallis
2312 4022 2721 4089 nudaverunt
2735 4067 2757 4106 ,
2805 4030 2880 4085 ut

539 4122 840 4208 lapidem,
884 4121 1112 4187 altaris
1143 4142 1461 4207 mensam,
1485 4124 1887 4190 videremus.
1930 4128 2094 4192 Erat
2113 4129 2349 4213 quippe
2368 4147 2643 4214 maguus
2664 4127 2882 4196 valde.

540 4229 800 4313 spissus
841 4237 906 4292 et
950 4228 1140 4311 latus,
1191 4237 1278 4326 et.
1298 4239 1402 4293 est
1439 4229 1675 4314 lapidis
1714 4229 1917 4294 illitus
1958 4249 2146 4316 pars,
2200 4235 2313 4319 qui
2354 4234 2476 4299 fuit
2530 4233 2881 4298 advolutus

536 4333 622 4398 ad
685 4334 922 4400 ostium
994 4336 1391 4400 monumenti
1447 4335 1713 4406 Domini
1730 4379 1753 4419 ,
1822 4331 1909 4400 de
1988 4356 2120 4426 quo
2198 4337 2436 4406 dieitur
2498 4339 2711 4405 Mardi
2773 4337 2880 4408 16.
