3242 5259
505 510 664 578 Ideo
703 511 915 577 locum
959 513 1134 577 hunc
1173 510 1595 577 nominabant
1630 511 1906 598 jubilum
1950 512 2457 597 peremi-orum.
2523 510 2638 576 Ad
2677 512 2854 578 latus

506 635 664 702 ergo
705 617 870 702 Sylo
913 617 1274 682 existentes
1315 614 1599 682 vidimus
1668 619 1883 683 adhuc
1939 635 2214 703 magnos
2273 617 2580 700 antiquos
2634 637 2856 685 muros

504 731 575 787 et
614 724 1039 787 ecelesiarum
1085 724 1328 806 ruinas,
1371 725 1443 810 in
1479 726 1716 788 montis
1754 723 2140 808 supercilio:
2185 729 2254 785 et
2292 721 2609 805 conjectis
2644 723 2854 789 oculis

503 837 734 894 centra
772 831 1084 893 orientem
1130 827 1419 892 vidimus
1462 837 1747 894 montem
1770 837 2091 912 sanetum,
2124 835 2407 893 montem
2429 828 2852 913 praeclarum,

505 943 783 999 montem
826 932 1092 1018 Oliveti,
1150 942 1220 998 et
1277 934 1632 997 ecclesiam
1685 933 2048 999 dominicae
2103 933 2536 998 Ascensionis
2578 935 2648 996 in
2706 934 2852 1016 eius

502 1040 870 1106 cacuminez
914 1040 1245 1104 civitatem
1313 1045 1535 1103 umen
1607 1047 1901 1103 sanctam
1968 1038 2196 1103 videre
2265 1056 2398 1102 non
2456 1047 2849 1123 poteramus,

502 1143 802 1228 quamvis
844 1145 1265 1229 propInquior
1304 1144 1493 1208 nobis
1536 1144 1736 1208 fuerit
1776 1151 1993 1208 monte
2033 1142 2299 1208 oliveti.
2424 1143 2592 1209 Viso
2631 1152 2849 1210 autem

499 1247 612 1313 illo
653 1251 1074 1313 sanctissimo
1139 1256 1356 1312 monte
1396 1249 1755 1314 cecidimus
1796 1248 1880 1312 de
1921 1249 2131 1314 asinis
2188 1258 2257 1311 et
2314 1265 2464 1312 cnm
2506 1247 2854 1313 devotione

501 1363 569 1418 et
603 1352 810 1438 jubilo
852 1363 1084 1419 centra
1125 1362 1407 1418 montem
1450 1354 1887 1424 adoravimus,
1966 1355 2163 1419 Visio
2205 1356 2379 1418 enim
2416 1371 2458 1416 a
2497 1352 2853 1438 longinquo

499 1459 774 1523 istorum
814 1467 1184 1524 sanctornm
1227 1458 1514 1523 locorum
1557 1461 1720 1523 miro
1762 1459 1952 1523 modo
1984 1460 2308 1523 hominem
2365 1458 2673 1522 laetificat
2729 1457 2856 1521 de-

500 1570 743 1627 votum.
846 1561 1344 1650 Consequentur
1401 1567 1935 1649 postergavimus
2017 1563 2212 1649 Sylo,
2282 1571 2352 1627 et
2421 1562 2851 1646 procedentes

500 1669 800 1733 venimus
839 1669 909 1732 in
949 1669 1293 1734 castellum
1328 1668 1575 1733 Emaus
1623 1686 1903 1752 sacrum,
1948 1669 2122 1754 quod
2164 1668 2522 1733 secundum
2573 1670 2847 1750 Lucani,

499 1773 661 1836 lauc-
699 1772 949 1856 ultimo,
985 1773 1190 1838 distat
1230 1792 1272 1837 a
1312 1774 1684 1838 Jerusalem
1727 1774 1871 1837 Lx.
1936 1774 2314 1857 stadiorum,
2379 1791 2549 1858 quae
2602 1773 2850 1837 faciunt

498 1876 630 1941 vn
672 1876 945 1940 miliaria
1005 1877 1226 1941 italica
1266 1887 1337 1941 et
1398 1898 1598 1944 unum
1658 1887 1723 1942 et
1787 1879 2115 1943 dimidium
2173 1880 2636 1943 theutonicum.
2760 1878 2849 1941 Et

497 1982 640 2047 121.
685 1982 902 2046 stadia
942 1981 1193 2045 faciunt
1257 1991 1508 2067 septem
1569 1982 1747 2046 milia
1803 2002 2111 2067 passuum
2169 1992 2234 2047 et
2293 1985 2667 2068 quingenta.
2769 1983 2848 2044 Iu

498 2087 611 2152 illo
652 2086 928 2151 castello
972 2085 1429 2151 descendimus
1471 2087 1555 2151 de
1596 2089 1802 2153 asinis
1832 2097 1898 2152 et
1946 2107 2067 2171 per
2107 2089 2450 2152 maceriam
2496 2087 2582 2151 ad
2629 2087 2845 2151 locum

499 2193 785 2277 ingressi
825 2209 1089 2271 sumus,
1143 2192 1255 2256 ubi
1295 2193 1644 2276 hospitium
1704 2193 1826 2256 fuit
1885 2193 2146 2258 Domini
2186 2194 2389 2276 Jesu,
2442 2201 2513 2257 et
2572 2191 2843 2256 duorum

501 2296 983 2381 discipulorum,
1024 2296 1249 2359 Lucae
1282 2303 1352 2360 et
1384 2295 1739 2382 cleophae,
1782 2299 1851 2361 in
1895 2297 2001 2362 die
2032 2299 2528 2362 resurrectionis
2558 2296 2845 2380 Domini,

501 2402 761 2487 quando
802 2409 880 2466 ut
919 2401 1301 2485 peregrinus
1354 2402 1620 2467 intravit
1661 2422 1810 2468 cum
1844 2403 1943 2467 eis
1985 2400 2132 2482 (01
2154 2404 2266 2488 A)
2308 2410 2611 2485 coactus,
2656 2420 2846 2465 enm-

502 2526 634 2593 que
669 2509 738 2570 in
778 2507 1097 2571 fractione
1136 2507 1326 2589 panis
1367 2516 1838 2591 coguoverunt.
1927 2509 2125 2573 Hunc
2179 2510 2392 2573 locum
2435 2526 2585 2572 eum
2628 2507 2847 2572 debita

500 2611 851 2676 devotione
870 2609 1225 2675 deosculati
1262 2628 1489 2675 sumus
1521 2622 1590 2676 et
1623 2612 2068 2696 indulgentias
2107 2614 2469 2697 recepimus
2487 2613 2847 2697 styrmes

501 2716 879 2801 peregrine,
923 2714 1038 2780 illa
1076 2723 1235 2779 sunt
1273 2716 1480 2798 prima
1523 2719 1807 2802 vestigia
1848 2719 2111 2782 Domini
2151 2718 2321 2782 Jesu
2362 2716 2627 2802 Christi,
2669 2735 2844 2803 quae

486 2808 867 2886 ’deosculari
909 2820 1222 2889 meruisti.
1285 2821 1372 2884 Et
1417 2830 1596 2885 certe
1636 2824 1803 2886 bene
1844 2831 1912 2886 et
1943 2823 2214 2905 pulchre
2257 2820 2581 2886 ordinavit
2623 2821 2845 2885 divina

499 2928 856 3011 sapientia,
912 2925 1086 3009 quod
1128 2927 1476 3010 peregrino
1541 2928 1781 2992 misero
1855 2935 1922 2990 et
1965 2927 2293 2991 laboribus
2334 2926 2630 2991 confecto
2680 2945 2841 3009 pro-

500 3033 754 3115 peranti
794 3033 863 3095 in
904 3028 1272 3094 Jerusalem
1315 3041 1613 3096 occurrat
1655 3051 1742 3097 ex
1781 3050 1863 3096 ea
1902 3033 2226 3096 Dominus
2265 3031 2378 3096 ille
2434 3031 2843 3116 gloriosissi-

503 3153 648 3198 mus
717 3134 1136 3218 peregrinus,
1202 3134 1308 3197 cui
1367 3133 1611 3199 dictum
1657 3144 1794 3200 este
1858 3146 1930 3202 tu
1984 3136 2170 3201 solus
2224 3137 2608 3222 peregrinus
2650 3155 2724 3200 es
2770 3139 2841 3203 in

498 3238 896 3321 Jerusalem,
941 3246 1008 3300 et
1054 3237 1122 3303 in
1166 3235 1310 3320 ejus
1354 3240 1866 3306 consolationem
1907 3242 2288 3306 exhibuerat
2318 3242 2456 3325 jam
2497 3241 2842 3327 glorificati

500 3344 791 3428 corporis
831 3341 1291 3407 'sacratissima
1331 3349 1398 3406 et
1452 3344 1628 3410 laeta
1676 3348 1962 3432 vestigia
2001 3356 2154 3412 aute
2210 3348 2458 3431 omnia,
2517 3356 2840 3431 quatenus

498 3450 604 3517 bis
644 3447 1018 3514 consolatus
1061 3454 1129 3509 et
1166 3446 1569 3514 confortatus
1608 3452 1821 3534 possit
1860 3454 2048 3538 sequi
2076 3455 2145 3517 iu
2164 3452 2531 3518 Jerusalem
2554 3453 2841 3536 vestigia

496 3571 695 3619 sacra
754 3551 1226 3639 ignominiosae
1287 3554 1654 3637 passionis,
1716 3554 1802 3618 ad
1858 3559 2033 3641 quod
2095 3560 2388 3624 hortatur
2444 3557 2722 3640 Petrus,
2777 3557 2836 3621 1.

494 3659 665 3723 Petr.
705 3659 772 3724 2.
864 3656 1204 3740 Christus,
1245 3657 1490 3742 inquit,
1531 3678 1776 3744 passus
1816 3669 1922 3725 est
1961 3683 2076 3747 pro
2118 3664 2341 3728 nobis=
2398 3662 2588 3727 vobis
2632 3660 2840 3725 relin-

495 3780 705 3848 quens
762 3761 1162 3846 exemplum,
1216 3771 1291 3826 ut
1352 3766 1717 3848 sequamini
1780 3768 2066 3855 vestigia
2117 3768 2282 3851 eJus.
2379 3769 2458 3831 In
2510 3766 2637 3830 boc
2691 3766 2837 3829 loco

494 3867 692 3932 corda
732 3866 1189 3952 discipulorum
1243 3867 1537 3934 ardentia
1578 3870 1769 3955 fecit,
1822 3890 2057 3956 panem
2112 3875 2211 3937 eis
2258 3872 2484 3936 tribuit
2538 3870 2836 3953 fractum,

492 3972 664 4057 quod
709 3971 998 4037 nonnulli
1037 3972 1339 4038 doctores
1398 3972 1617 4038 dicunt
1672 3975 1885 4041 fuisse
1948 3979 2403 4043 eucharistiam
2420 4020 2441 4057 ,
2502 3993 2697 4060 quam
2745 3974 2837 4039 ibi

488 4077 715 4141 ultimo
781 4077 1094 4160 confecit,
1166 4085 1234 4142 et
1299 4078 1429 4143 cito
1503 4097 1839 4144 recurrere
1910 4084 1983 4147 in
2049 4082 2451 4147 Jerusalem·
2492 4080 2832 4163 permovit.

486 4182 727 4245 Dicunt
768 4183 940 4246 enim
981 4180 1273 4266 quidam,
1317 4182 1490 4267 quod
1533 4183 1630 4248 illi
1673 4183 1801 4250 duo
1861 4185 2163 4272 dbcipuli
2206 4207 2291 4252 ex
2347 4191 2484 4251 toto
2528 4200 2837 4249 reeesse-

487 4295 646 4351 runt
685 4306 727 4351 a
765 4286 1167 4370 Jerusalem,
1231 4295 1300 4350 et
1341 4306 1383 4351 a
1426 4287 1798 4375 discipulis,
1855 4293 2156 4357 nolentes
2196 4291 2476 4376 amplius
2542 4288 2833 4374 regrediz

484 4391 605 4456 sed
645 4392 752 4457 hic
805 4410 922 4457 eos
983 4391 1220 4455 reverti
1281 4390 1473 4477 fecit,
1535 4395 1714 4460 ende
1760 4394 1987 4461 eadem
2028 4398 2191 4463 hora
2232 4397 2520 4482 regressi
2566 4403 2724 4460 sunt
2766 4396 2838 4458 in
