3242 5259
1470 336 1558 403 99

322 532 391 586 et
462 518 575 585 sui
623 519 925 587 monachi
960 520 1177 587 sacris
1212 518 1421 585 induti
1481 518 1738 585 obviam
1800 518 2188 611 multitudini
2241 523 2540 604 veniunt,
2595 524 2701 609 ip-

316 645 597 710 sumque
653 626 1098 690 Patriarcham
1210 644 1291 689 ac
1364 626 1619 723 chm
1689 628 2086 712 suscipiunt,
2170 636 2236 690 et
2299 629 2369 690 in
2427 626 2700 697 chorum

317 733 592 816 ducunt,
662 741 729 795 et
773 732 862 813 ibi
906 729 1213 795 Officium
1296 730 1425 823 ‹iiei
1464 726 1809 815 incipiunt,
1882 741 1950 796 ct
1990 748 2138 795 cum
2187 732 2390 801 multa
2428 735 2699 801 sollem-

318 839 525 902 nitate
598 845 938 921 peragunt.
1026 834 1172 914 Quo
1235 840 1500 920 peracto
1542 836 1634 900 ati
1682 854 1890 900 naves
1943 836 2215 900 redeunt
2276 847 2343 901 et
2383 841 2698 923 navigant

320 961 582 1026 omnes,
671 943 1125 1028 unusquisque
1180 943 1271 1006 ad
1329 941 1542 1006 locum
1603 960 1794 1007 suum
1836 940 1921 1004 ad
1972 941 2328 1025 prandium.
2377 934 2386 945 '
2425 940 2696 1023 Talibus

317 1047 712 1131 spectaculis
784 1048 1177 1132 aliquotiens
1241 1047 1501 1111 interfui
1581 1046 1746 1115 alias
1786 1054 1928 1110 etc..
1961 1046 2045 1109 de
2099 1048 2354 1132 quibus·
2387 1048 2541 1117 vide
2583 1051 2692 1115 fol.

315 1153 464 1222 210.
521 1152 594 1216 P.
638 1154 703 1217 2.
790 1153 996 1217 Porro
1087 1173 1205 1237 per
1260 1161 1432 1216 totas
1492 1162 1763 1221 octavas
1824 1154 2255 1217 Ascensionis
2309 1163 2464 1219 sunt
2526 1155 2696 1220 festa

320 1257 752 1322 nundinarum
802 1268 869 1321 et
910 1260 1074 1322 mira
1128 1257 1439 1331 videntur
1474 1260 1543 1321 in
1587 1258 1735 1321 istis
1778 1258 2049 1321 octavis.

490 1356 693 1427 Nona
732 1362 840 1425 die
882 1364 1302 1429 transivimus
1365 1363 1448 1426 ad
1492 1364 1957 1427 monasterium
1998 1363 2243 1430 dictum
2286 1378 2330 1427 a
2370 1366 2687 1430 crusche-

319 1469 508 1533 anitii
596 1477 663 1531 et
711 1468 925 1532 Missa
988 1468 1079 1535 ibi
1128 1466 1375 1531 -audita
1456 1477 1794 1533 ostensum
1865 1468 1988 1532 fuit
2053 1470 2240 1534 nobis
2310 1488 2547 1554 corpus
2616 1470 2688 1535 S.

316 1573 650 1637 Barbarae
740 1590 887 1636 cum
956 1572 1250 1656 pluribus
1305 1572 1452 1636 aliis
1525 1572 1852 1661 reliquiis,
1919 1573 2155 1656 quibus
2234 1576 2693 1640 venerabiliter

318 1678 725 1742 deosculatis
781 1680 1035 1742 reversi
1099 1695 1325 1745 sumus
1366 1679 1436 1742 iu
1483 1686 1779 1761 nostrum
1835 1679 2202 1761 hospitium.
2291 1679 2540 1745 Eodem
2584 1679 2692 1744 die

316 1785 739 1848 transivimus
781 1778 993 1873 simul'
1040 1783 1111 1851 in
1152 1782 1495 1869 quamdam
1539 1781 1818 1866 domum,
1861 1784 1929 1846 in
1972 1801 2102 1868 qua
2143 1785 2359 1848 stabat
2400 1784 2689 1870 elephas,

316 1890 529 1953 bestia
579 1888 865 1972 grandis
911 1898 978 1952 et
1018 1888 1372 1971 horribilis,
1436 1907 1631 1979 quam
1686 1887 1973 1973 vidimus
2027 1897 2096 1951 et
2154 1892 2368 1953 mirati
2426 1889 2686 1972 fuimus,

319 1993 405 2058 de
445 2003 628 2057 tanta
693 1992 1037 2077 disciplina
1079 2003 1209 2057 tam
1253 1994 1553 2059 immanis
1594 1994 1862 2058 bestiae.
1921 1993 2231 2058 Faciebat
2283 1995 2455 2058 enim
2499 1995 2687 2059 nobis

316 2097 691 2162 videntibus
732 2097 1096 2179 acl-nutum
1186 2099 1478 2181 magistri
1526 2084 1648 2161 ‘s'ui
1701 2099 1883 2163 mira.
1965 2098 2161 2162 Hanc
2213 2099 2490 2163 bestiam
2533 2101 2688 2162 emit

316 2204 509 2267 homo
559 2203 674 2266 ille
734 2220 862 2286 pro
924 2204 1209 2290 quinque
1263 2203 1546 2267 millibus
1600 2192 1891 2285 ducatis,
1948 2212 2015 2266 et
2055 2218 2097 2266 a
2150 2204 2450 2268 Venetiis
2506 2203 2687 2267 duxit

318 2327 462 2373 eam
504 2308 571 2371 in
616 2302 1031 2377 Germaniam
1059 2354 1080 2392 ,
1160 2294 1533 2372 ef'multam
1575 2309 1916 2391 pecuniam
1971 2311 2429 2391 congregavit:
2496 2324 2685 2370 nemo

318 2414 491 2478 enim
537 2406 1026 2496 permittebatur
1067 2412 1502 2509 Qvidere,
1548 2415 1675 2476 nisi
1719 2415 2034 2496 praestito
2079 2422 2384 2495 argento.
2441 2410 2685 2475 Postea

321 2518 510 2581 duxit
569 2537 718 2582 eam
781 2536 1041 2603 usqne
1071 2519 1141 2603 in
1204 2519 1645 2600 Britanniam,
1699 2526 1768 2581 et
1806 2518 1896 2583 ibi
1949 2519 2019 2580 in
2073 2518 2234 2581 mari
2290 2526 2684 2600 tempestate

320 2623 753 2707 compellente
782 2623 996 2707 ejecta
1024 2623 1178 2686 'fuit
1212 2643 1328 2706 per
1363 2621 1706 2686 naucleros
1740 2620 1824 2685 ad
1867 2640 2068 2705 mare,
2098 2630 2164 2684 et
2205 2625 2299 2684 ita
2316 2624 2525 2705 periit.
2558 2631 2680 2684 etc.

521 2729 792 2794 Decima
902 2729 1040 2811 die,
1130 2745 1365 2833 quae
1402 2727 1701 2791 sabatum
1808 2726 1962 2810 fuit,
2019 2727 2508 2809 navigavimus
2598 2724 2684 2791 ad

323 2833 668 2898 ecclesiam
685 2879 706 2917 ,
751 2851 927 2919 quae
978 2833 1212 2897 dicitur
1252 2826 1326 2895 S.
1336 2788 1582 2895 Maria
1626 2831 1710 2895 de
1753 2829 2019 2908 Gratia,
2067 2840 2133 2894 et
2174 2832 2450 2899 Missam
2491 2827 2681 2892 audi-

321 2940 573 3023 vimus,
617 2950 683 3003 et
723 2938 881 3002 inde
939 2938 1395 3022 navigavimus
1439 2934 1523 2998 ad
1567 2935 1641 2999 S.
1688 2937 1966 3001 Mariam
2009 2936 2092 2999 de
2154 2934 2516 3017 miraculis,
2571 2933 2679 2997 ubi

322 3042 673 3106 ecclesiam
720 3045 864 3107 miri
912 3041 1166 3106 decoris
1208 3039 1555 3104 aedificant
1594 3058 1741 3103 cum
1781 3043 2169 3107 monasterio
2229 3040 2676 3125 pulcherrimo.

320 3144 640 3229 Tempore
710 3164 898 3211 meae
988 3148 1235 3251 primae
1289 3147 1826 3251 peregrinationis
1895 3147 2136 3231 incepit
2199 3163 2557 3211 concursus
2598 3143 2681 3206 ad

322 3249 504 3316 illum
548 3251 762 3316 locum
813 3251 976 3335 fleri,
1009 3244 1134 3315 ne'c
1164 3249 1306 3314 e'rat
1324 3242 1421 3314 ibi
1458 3249 1676 3333 aliqua
1709 3228 1994 3334 capella,
2031 3251 2151 3317 sed
2192 3261 2440 3316 tantum
2464 3253 2680 3332 imago

321 3354 556 3418 beatae
582 3355 875 3439 Virginis
926 3355 1075 3439 (B)
1118 3356 1187 3420 in
1231 3354 1451 3419 tabula
1493 3355 1695 3437 affixa
1734 3356 1985 3440 parieti,
2043 3366 2109 3420 et
2136 3356 2478 3427 dicebatur„
2509 3353 2680 3440 quod

322 3458 640 3524 ulracula
686 3461 777 3524 ibi
820 3460 1069 3525 fierent.
1116 3459 1203 3523 Et
1247 3460 1460 3524 factus
1499 3461 1620 3524 fuit
1661 3469 1881 3525 tantus
1916 3479 2275 3526 concursus
2319 3470 2384 3524 et
2419 3460 2680 3542 oblatio,

324 3563 500 3647 quod
558 3565 648 3629 ibi
711 3585 887 3631 nunc
949 3575 1053 3630 est
1111 3583 1223 3630 res
1281 3566 1567 3650 pretiosa
1606 3574 1676 3629 et
1732 3563 1967 3629 dicitur
2019 3566 2104 3629 ad
2160 3565 2237 3638 S
2279 3564 2553 3629 Mariam
2599 3563 2682 3627 de

323 3669 678 3733 miraculis.
771 3669 878 3735 De
927 3688 1060 3756 quo
1102 3670 1251 3754 plus
1296 3670 1507 3734 dicam
1546 3669 1662 3739 fol.
1707 3670 1855 3734 m
1899 3670 1975 3732 B.
2021 3678 2207 3753 parte
2245 3671 2309 3735 2.

490 3773 854 3840 Undecima
906 3773 1014 3840 die
1023 3820 1045 3859 ,
1090 3792 1259 3860 quae
1304 3766 1467 3838 suit
1484 3773 1808 3837 dominica
1862 3775 2034 3837 infra
2088 3784 2359 3851 octavas
2414 3772 2681 3838 Ascen-

325 3879 537 3943 sionis
556 3879 844 3963 Domini,
891 3878 1113 3943 audita
1144 3879 1359 3943 Missa
1398 3880 1469 3941 in
1510 3881 1805 3971 proxima
1846 3878 2129 3942 ecclesia
2159 3877 2370 3975 juxta
2391 3888 2677 3943 nostrum

325 3983 680 4068 hospitium
722 3994 793 4048 et
834 3993 1094 4068 sumpto
1136 3982 1407 4067 prandio
1448 3984 1934 4068 navigavimus
1951 3984 2034 4047 ad
2062 3985 2404 4049 ecclemam
2443 3983 2682 4061 dictam

328 4086 413 4151 de
454 4087 748 4153 Castello
767 4134 788 4172 ,
832 4090 947 4153 ubi
990 4088 1236 4153 residet
1274 4088 1672 4153 ·Patriarcha
1709 4097 2020 4173 venetus,
2075 4096 2145 4153 et
2183 4097 2338 4154 sunt
2374 4089 2466 4153 ibi
2507 4087 2680 4155 omni

328 4192 651 4258 dominica
731 4194 1061 4279 plenariae
1102 4194 1595 4279 indulgentia03
1659 4194 1782 4267 has
1860 4193 2296 4277 indulgentias
2361 4192 2680 4257 solvimus

327 4306 395 4361 et
436 4298 649 4364 locum
720 4301 1026 4365 vidimus.
1109 4298 1237 4363 Est
1262 4300 1461 4367 'onim
1521 4299 1805 4364 ecelesia
1863 4314 2104 4382 magna
2144 4306 2213 4362 et
2261 4299 2558 4380 antiqua,
2614 4304 2680 4361 et

328 4406 689 4486 reperimus
740 4406 811 4467 in
853 4424 934 4469 ea
975 4404 1239 4469 fratrem
1306 4400 1553 4469 ordinis
1613 4400 2136 4468 praedicatorum
2179 4400 2678 4537 praedicantem,

2165 4504 2200 4558 '1
