3242 5259
1425 327 1554 398 m

308 522 479 587 asini
521 536 630 585 me
675 515 954 602 levavit,
999 524 1065 579 et
1106 515 1174 578 in
1217 509 1493 580 declivis
1532 522 1612 608 et-
1645 513 1901 612 aspcris
1942 514 2073 577 viis
2136 501 2240 576 ine
2282 485 2545 596 tonuit:
2566 530 2651 574 ne

307 626 643 707 caderem,
711 639 947 708 aquam
996 620 1078 685 de
1122 637 1246 684 sua
1296 620 1616 705 amphora*
1643 620 1805 688 mihi
1860 619 2190 704 praebuit,
2242 615 2323 684 'et
2384 615 2473 681 de
2510 617 2653 680 suis

311 728 694 816 paximaciis
753 726 913 791 mihi
984 724 1197 807 dedit;
1287 725 1366 790 ad
1425 727 1651 790 hortos
1720 743 1840 810 per
1901 723 2214 787 macerias
2285 721 2655 787 ascendens

309 835 583 900 intravit
625 839 696 895 et
737 830 896 894 mlhi
939 828 1095 894 inde
1154 831 1322 894 ficus
1361 837 1430 893 et
1469 846 1640 894 uvas
1687 838 1757 893 et
1797 849 1991 914 poma
2023 828 2258 894 attulit.
2298 827 2650 892 stimulum

313 960 531 1024 suum,
573 958 703 1022 quo
746 938 1052 1000 utebatur
1088 931 1230 1016 (81
1260 933 1365 1013 Α)
1431 954 1549 1017 pro
1604 938 1792 1001 asino
1835 953 1984 1016 suo,
2046 934 2202 998 mihi
2246 932 2453 1016 dedit,
2507 949 2655 996 cum

316 1055 530 1109 tamen
593 1044 705 1106 alii
768 1039 1034 1104 asinarii
1110 1057 1245 1102 non
1303 1042 1668 1124 patiantur,
1744 1038 1917 1125 quod
1989 1038 2314 1123 peregrini
2374 1037 2652 1102 habeant
2706 1095 2719 1106 ,

316 1148 616 1214 stimulos
658 1146 739 1210 ad
773 1142 1159 1229 pungendos
1201 1144 1446 1213 asinos.
1493 1144 1773 1228 Propter
1814 1152 1993 1209 tanta
2033 1145 2301 1208 servitia
2342 1143 2659 1206 aestima·
2706 1121 2725 1142 ⁸

316 1257 474 1318 bant
536 1251 789 1316 nobiles
831 1258 898 1314 et
954 1250 1119 1313 socii
1175 1250 1332 1334 mei,
1396 1250 1570 1332 quod
1631 1252 1692 1312 ei
1745 1252 1987 1315 multos
2042 1249 2343 1314 denarios
2400 1244 2658 1309 oculte
2682 1247 2709 1288 θ

317 1357 578 1423 darem:
634 1353 751 1418 sed
799 1374 930 1419 non
972 1354 1097 1418 fuit
1137 1354 1265 1438 ita,
1329 1355 1487 1418 nihil
1531 1358 1704 1418 enim
1747 1356 2009 1440 penitus
2051 1354 2202 1419 dedi
2244 1354 2341 1436 ei,
2399 1351 2527 1414 nisi
2572 1347 2657 1434 ad
2684 1419 2709 1454 ὁ

317 1462 491 1548 quod
534 1460 887 1545 obligabat.
970 1461 1114 1543 Ego
1155 1477 1356 1542 saepe
1398 1460 1684 1544 cogitavi
1700 1507 1721 1545 ‚
1765 1461 1937 1545 quod
1979 1461 2150 1525 forte
2190 1458 2652 1542 suspicaretur,

321 1586 429 1630 me
474 1583 626 1629 esse
665 1565 941 1649 aliquem
991 1583 1296 1648 magnum
1340 1563 1704 1650 dominum,
1767 1575 1831 1629 et
1876 1562 2053 1651 quod
2110 1564 2257 1628 ideo
2300 1564 2391 1625 ita
2432 1558 2697 1656 sedule.

321 1672 476 1735 mihi
518 1671 928 1734 ministraret.
1015 1670 1210 1733 Hanc
1246 1671 1421 1733 enim
1464 1671 1791 1735 fortunam
1832 1672 1896 1735 in
1960 1679 2234 1753 utraque
2275 1666 2661 1752 peregrina-

322 1777 502 1840 tione
541 1776 737 1839 habui
752 1820 775 1859 ,
839 1774 1013 1858 quod
1075 1774 1289 1838 nullus
1332 1774 1766 1860 Sarracenus,
1832 1796 1957 1841 nec
1998 1776 2215 1839 Arabs
2230 1820 2250 1857 ‚
2318 1789 2443 1835 nec
2504 1768 2664 1831 Ma-

324 1880 589 1963 diauita,
633 1897 760 1943 nec
793 1877 1223 1965 Mamalucus,
1263 1899 1413 1945 cum
1455 1883 1692 1965 quibus
1734 1889 2161 1946 conversatus
2204 1880 2332 1963 fui,
2373 1883 2660 1961 unquam

325 1986 479 2050 mihi
524 1983 803 2069 aliquam
839 1985 1203 2049 molestiam
1242 1986 1480 2071 intulit,
1522 2005 1648 2052 nec
1686 2006 1955 2071 possum
2000 1987 2218 2050 dicere
2261 1984 2343 2048 de
2384 1998 2662 2066 percus-

326 2090 622 2154 sionibus
675 2097 744 2152 et
784 2091 1247 2156 vexationibus
1286 2110 1608 2174 personae
1651 2111 1837 2156 meae
1876 2092 2077 2156 illatis
2092 2137 2113 2174 ,
2155 2089 2456 2175 quamvis
2497 2087 2664 2152 alios

328 2197 707 2278 peregrinos
746 2211 947 2277 saepe
990 2194 1264 2259 viderim
1307 2196 1602 2279 graviter
1643 2198 1894 2280 percuti
1938 2205 2005 2260 et
2045 2196 2292 2260 vexari.
2379 2192 2664 2275 Semper

327 2299 525 2364 habui
586 2299 790 2364 bonas
848 2300 1094 2364 bestias
1134 2300 1202 2364 in
1242 2314 1520 2386 utraque
1579 2302 2134 2386 peregrinatione,
2197 2307 2267 2364 et
2326 2315 2476 2364 cum
2538 2296 2715 2361 hoe·

329 2421 528 2469 sanus
570 2411 637 2468 et
679 2403 867 2469 fertis
909 2406 1155 2487 mansi,
1199 2404 1342 2470 Deo
1383 2409 1475 2470 sit
1516 2406 1679 2469 laus.

647 2655 1019 2733 necessus
1065 2653 1611 2760 peregrinorum
1655 2681 1703 2735 a
1744 2651 1922 2735 mari
1971 2657 2045 2731 in
2097 2648 2351 2732 asinis.

509 2838 916 2921 Evagatione
1009 2839 1206 2903 maris
1281 2851 1546 2926 peracta
1633 2859 1807 2905 nunc
1880 2835 2353 2923 procedendum
2417 2839 2521 2895 est
2589 2825 2675 2894 ul
2712 2873 2721 2878 -

334 2943 783 3026 evagationem
825 2951 1053 3007 terrae.
1100 2942 1266 3008 Cum
1308 2962 1487 3031 ergo,
1528 2954 1603 3011 ut
1643 2946 1969 3030 praemisi,
2012 2943 2094 3008 ad
2137 2955 2406 3026 gregem
2449 2935 2675 3000 asino-

337 3067 474 3111 rum
515 3049 968 3131 venissemus,
1034 3057 1100 3111 et
1133 3048 1269 3133 jam
1331 3052 1549 3116 cuncti
1607 3070 1756 3115 cum
1818 3050 2052 3114 bestiis
2115 3055 2342 3112 essent
2398 3044 2669 3130 provisi,
2690 3113 2705 3124 .

337 3153 616 3236 desuper
656 3152 945 3217 sedimus
987 3156 1056 3216 in
1097 3153 1287 3218 litore
1328 3159 1560 3241 maris,
1623 3165 1693 3220 et
1732 3157 1823 3221 ibi
1865 3154 2335 3239 aliquantulum
2388 3161 2679 3234 exspec-

337 3257 653 3341 tavimus,
717 3255 927 3322 donec
1010 3257 1252 3322 domini
1309 3262 1524 3325 Mauri
1585 3271 1814 3327 essent
1876 3262 2105 3345 parati.
2191 3261 2397 3322 Erant
2457 3264 2677 3319 autem
2726 3319 2735 3330 ,

339 3354 540 3447 aliqui
583 3363 930 3447 peregrini,
973 3364 1084 3447 qui
1120 3383 1205 3430 ex
1247 3364 1593 3430 devotione
1635 3368 1944 3431 nolebant
1994 3368 2217 3431 asmos
2257 3365 2524 3439 habere,
2548 3359 2674 3424 sed
2734 3393 2745 3406 -

340 3485 603 3532 currere
658 3477 807 3551 post
865 3471 1220 3534 exercitum
1285 3471 1615 3542 volebant.
1714 3470 1904 3551 Quod
1966 3469 2226 3556 quidem
2280 3468 2680 3532 admiserunt
2698 3519 2721 3538 ,

338 3572 708 3655 San-noent,
750 3581 817 3635 et
854 3574 1101 3658 placuit
1139 3576 1270 3640 eis:
1313 3573 1658 3641 dummodo
1700 3582 1947 3641 tantum
1990 3581 2346 3656 currerent,
2373 3580 2682 3656 quantu-

342 3696 465 3743 nos
498 3680 570 3741 ln
612 3678 816 3741 asinis
858 3678 941 3742 de
979 3680 1093 3743 via
1134 3678 1527 3766 faceremus,
1572 3689 1642 3744 et
1682 3699 1811 3745 non
1860 3688 2009 3765 post
2044 3680 2404 3744 exercitum
2446 3676 2569 3741 sd
2610 3677 2681 3737 in
2742 3679 2755 3692 “

342 3788 634 3849 exercitu
677 3783 865 3849 irent.
953 3783 1092 3849 Sed
1135 3784 1284 3849 dum
1346 3785 1846 3871 procederemus
1888 3785 2159 3868 festine,
2212 3802 2343 3848 non
2382 3788 2703 3867 poterant·

341 3889 438 3953 illi
479 3889 777 3954 comitari
839 3889 1178 3956 nobiscum
1240 3897 1506 3975 propter
1561 3890 2002 3955 festinantiam
2063 3898 2128 3953 et
2180 3896 2446 3973 propter
2503 3890 2680 3951 viam

343 4007 719 4059 arenosam:
761 4002 829 4058 et
869 3995 1018 4059 ideo
1059 4013 1183 4060 sua
1224 3997 1593 4061 necessitas
1628 3998 1909 4081 cogebat
1950 4014 2066 4060 eos
2108 3997 2408 4080 accipere
2441 3995 2688 4062 asino&

342 4098 492 4163 Nec
531 4107 640 4163 est
674 4117 901 4165 verum
916 4145 939 4185 ,
981 4100 1154 4185 quod
1195 4100 1367 4184 apud
1409 4120 1531 4166 nos
1571 4102 1788 4167 solent
1828 4102 2074 4185 dicere,
2116 4099 2293 4188 quod
2332 4095 2682 4164 Sarracent
2746 4159 2759 4172 ,

348 4220 474 4267 nos
515 4213 756 4289 cogant
799 4207 869 4268 in
911 4207 1117 4271 asinis
1149 4207 1506 4271 ascendere
1531 4207 1599 4271 in
1615 4207 1983 4272 Jerusalem
2028 4215 2095 4271 et
2127 4216 2357 4270 terram
2393 4210 2690 4268 sanctam

345 4326 469 4391 per
508 4313 822 4395 transire,
863 4311 1014 4397 quia
1054 4311 1394 4378 aestiment
1437 4329 1558 4377 nos
1605 4311 1944 4398 indignos,
2011 4319 2087 4377 ut
2127 4311 2404 4396 pedibus
2450 4317 2689 4374 terram

271 4461 274 4464 -
346 4411 703 4484 calcemus.
765 4415 921 4481 Non
961 4425 1228 4500 curant,
1278 4426 1488 4482 utrum
1533 4418 1918 4502 peregrinus
1960 4413 2237 4500 pedibus
2284 4411 2539 4477 incedat
2581 4410 2691 4474 vel

2207 4515 2276 4572 ss
