3242 5259
623 820 1474 908 Praemosselssla
1527 820 1683 907 ad
1734 820 2300 911 lentorem·

498 1061 803 1164 Accipis
833 1060 976 1153 hic,
1010 1058 1368 1139 benevole
1406 1059 1666 1153 lector,
1701 1061 2038 1138 volumen
2069 1060 2366 1165 primum
2393 1059 2638 1163 operis

305 1182 761 1286 amplissimi,
840 1180 1035 1281 qu'od
1084 1181 1323 1284 ipsius
1384 1181 1707 1259 auctoris
1753 1206 1965 1259 manu
2014 1181 2368 1285 scriptum
2421 1187 2639 1281 atque

300 1303 375 1378 in
435 1302 740 1380 aedibus
814 1300 1301 1378 bibliothecae
1380 1310 1676 1379 nostrae
1741 1311 2200 1380 asservatum
2265 1308 2440 1378 ante
2505 1299 2642 1375 hos

303 1432 458 1499 tres
499 1445 729 1498 annos
779 1422 1046 1525 reperi,
1127 1420 1370 1522 Cujus
1431 1421 1719 1522 quidem
1770 1422 2018 1525 operis
2089 1444 2276 1523 quae
2341 1419 2642 1497 saeculo

301 1541 491 1618 xv!
571 1542 842 1644 prodiit
917 1543 1245 1646 epitome
1315 1542 1711 1619 vernaculo
1794 1564 2130 1620 sermone
2201 1541 2337 1618 sub
2426 1540 2642 1619 finem

303 1663 578 1739 saeculi
623 1661 780 1739 XV
830 1663 919 1739 ab
976 1672 1277 1740 auctore
1324 1662 1784 1765 conscripta,
1849 1663 2174 1764 quamvis
2248 1662 2347 1739 sit
2396 1659 2641 1738 tenuis

302 1782 680 1858 admodum
731 1792 807 1859 et
855 1784 1228 1861 succincta
1276 1783 1557 1860 itineris
1612 1783 1810 1860 illius
1860 1782 2282 1887 descriptio,
2333 1805 2496 1859 cum
2546 1779 2638 1858 ab

297 1904 459 2005 ipso
506 1903 968 2000 Robinsonio,
1017 1904 1459 1981 Americano
1485 1957 1509 1999 ,
1560 1904 1680 2004 qui
1727 1903 1925 1983 inter
1968 1927 2219 1981 omnes
2240 1957 2264 1999 ,
2315 1926 2499 2004 quos
2543 1901 2637 1978 ab

303 2023 724 2125 Hieronymi
790 2034 1039 2102 aetate
1108 2023 1205 2101 ad
1284 2032 1540 2100 nostra
1611 2048 1844 2124 usque
1915 2034 2245 2128 tempora
2313 2023 2637 2101 locorum

303 2154 711 2221 sanctorum
751 2144 1322 2245 investigatores
1364 2144 1717 2238 novimus,
1767 2145 1987 2224 facile
2031 2168 2264 2248 nuper
2290 2143 2635 2247 princeps

305 2266 585 2359 extitit,
644 2266 887 2342 multis
949 2266 1185 2366 iisque
1243 2263 1521 2340 meritis
1568 2263 1906 2341 laudibus
1954 2288 2183 2367 saepe
2237 2264 2337 2340 sit
2405 2260 2638 2338 nomi-

303 2396 509 2476 nata3
554 2410 738 2490 opus
765 2387 1128 2486 integrum
1158 2384 1405 2486 quanti
1433 2384 1772 2460 momenti
1803 2383 1903 2458 sit
1945 2393 2024 2461 et
2068 2384 2230 2487 ipse
2271 2380 2639 2485 judicabis

303 2517 383 2583 et
428 2528 574 2604 ego
618 2505 1105 2609 disputatione
1148 2504 1368 2581 tertio
1402 2503 1749 2579 volumini
1786 2503 2315 2604 praemittenda
2345 2502 2639 2583 uberius

138 2618 156 2661 ·’
305 2646 684 2726 exponam.
783 2627 991 2704 Nolo
1041 2635 1285 2703 tamen
1325 2623 1405 2701 id
1456 2648 1648 2701 nunc
1690 2625 1984 2701 silentio
2032 2625 2636 2767 praetermittere,

307 2744 635 2823 Felicem
683 2757 1043 2844 nostrum,
1102 2745 1269 2821 dum
1316 2744 1862 2846 Hierosolymis
1899 2752 2317 2844 versaretur
2332 2798 2356 2839 ,

302 2889 753 2967 nonunquam
789 2866 1297 2945 monachorum
1359 2866 1574 3004 nugis
1636 2875 1857 2967 atque
1895 2864 2321 2942 commentis
2365 2890 2413 2942 a
2438 2863 2639 2940 veri-

305 2996 460 3064 tate
510 2985 900 3063 deductum
946 2988 1203 3081 fuisse,
1252 2987 1577 3086 quamvis
1617 2986 1694 3063 in
1739 2986 1940 3064 urbis
1997 2994 2300 3064 sanctae
2353 3006 2638 3086 quoque

304 3116 384 3184 et
441 3107 636 3183 illius
694 3106 1016 3207 regionis
1077 3106 1575 3208 descriptione
1640 3107 1946 3211 plurima
2022 3130 2256 3209 eaque
2320 3106 2638 3210 optimae

304 3227 540 3328 frugis
572 3226 990 3330 plenissima
1017 3226 1311 3323 doceat,
1362 3226 1620 3328 quibus
1655 3212 1894 3329 ‘ipsius
1923 3226 2348 3304 Robinsonii
2379 3226 2638 3304 obser-

303 3347 640 3425 vationes
710 3356 788 3426 et
858 3349 1110 3448 augeri
1177 3357 1257 3424 et
1334 3345 1706 3442 emendari
1777 3347 2083 3450 possint.
2181 3345 2344 3426 Sed
2411 3345 2637 3427 multo

304 3467 606 3569 majoris
646 3468 777 3544 illa
822 3476 991 3543 sunt
1038 3465 1527 3559 aestimanda,
1602 3489 1787 3566 quae
1806 3521 1830 3560 ,
1882 3491 2097 3566 quum
2168 3466 2325 3543 suis
2405 3465 2641 3543 oculis

303 3587 656 3679 vidisset,
704 3585 801 3662 de
853 3585 1176 3685 reliquae
1205 3585 1678 3663 Palaestinae
1727 3592 1944 3688 atque
1995 3585 2272 3664 deserti
2315 3585 2639 3665 Arabiae

304 3705 745 3805 regionibus,
773 3704 1012 3805 deque
1052 3703 1329 3780 urbium
1355 3703 1698 3799 Cahirae,
1722 3698 2249 3800 Alexandriae,
2278 3705 2638 3782 Venetia—

306 3852 462 3901 rum
508 3835 585 3902 et
631 3826 933 3902 aliorum
978 3832 1149 3901 tunc
1188 3823 1539 3928 temporis
1578 3825 1902 3902 locorum
1940 3826 2356 3904 conditione
2383 3835 2639 3903 auctor

308 3945 605 4023 tradidit
627 3945 1104 4047 sequentibus
1138 3945 1628 4023 voluminibus
1660 3946 1733 4022 in
1780 3947 2015 4024 lucem
2037 3946 2345 4025 edenda.
2408 3946 2640 4039 Quam

310 4064 405 4140 ob
466 4088 620 4142 rem
671 4066 814 4142 hoc
857 4072 1015 4169 jam
1065 4067 1383 4147 sufficiat
1436 4067 1736 4162 addere,
1786 4090 1970 4170 opus
2002 4067 2094 4144 ab
2139 4069 2303 4170 ipso
2343 4076 2640 4143 auctore

312 4183 592 4273 duobus
674 4187 1154 4266 voluminibus
1239 4187 1692 4291 descriptum
1780 4187 2160 4266 societatis
2240 4184 2639 4262 litterariae

304 4307 515 4401 jussu
562 4306 637 4382 in
689 4316 842 4385 tres
882 4313 1133 4407 partes
1196 4306 1505 4387 divisum
1556 4331 1768 4400 esse,
1842 4310 1946 4384 ita
2009 4314 2291 4391 tamen,
2357 4315 2438 4379 ut
2499 4322 2643 4378 non
