3242 5259
565 551 782 620 bonus
819 542 1286 630 simplificus,
1331 538 1448 606 teti
1487 535 1617 602 ubi
1655 536 1896 621 pileum
1936 532 2025 599 de
2058 534 2291 619 eapite,
2335 543 2404 597 et
2422 533 2918 632 eooinspieiente

567 653 730 721 finxi
783 670 888 715 me
936 648 1184 714 habere
1246 659 1556 708 naum
1568 687 1588 727 ,
1635 650 1702 706 et
1766 641 1997 704 faciem
2047 653 2353 723 rugosam
2408 638 2536 701 feei
2557 683 2578 722 ‚
2620 647 2686 703 et
2721 648 2918 728 caput

575 775 788 824 meum
823 772 866 818 a
899 752 1092 838 pileo,
1136 768 1328 835 quem
1373 766 1568 813 manu
1621 747 1920 810 tenebam
1938 789 1960 828 ‚
2029 744 2275 826 averti,
2336 745 2528 828 quasi
2579 743 2917 808 detestans

569 864 761 937 ritum
804 860 1334 938 Saracenorum,
1378 862 1446 916 et
1482 860 1745 937 sputum
1817 859 2042 914 contra
2099 848 2366 911 linteum
2408 845 2579 931 pileo
2635 849 2921 913 circum-

582 968 849 1051 ligatum
893 962 1162 1047 projeci,
1203 958 1432 1023 videre
1473 956 1728 1034 voleus,
1760 953 1925 1040 quid
1963 962 2181 1017 tamen
2222 951 2308 1015 ad
2346 952 2512 1017 haec
2553 952 2771 1016 dicere
2808 952 2919 1017 vel

572 1072 790 1136 faeere
831 1067 1052 1132 vellet.
1137 1063 1544 1128 Sari-acanus
1591 1070 1810 1124 autem
1850 1056 2009 1141 (87
2023 1057 2129 1136 Α)
2192 1075 2313 1140 per
2358 1075 2581 1120 omnes
2643 1056 2923 1140 ang-ulos

571 1173 924 1243 habitaculi
963 1168 1446 1252 circumspexit,
1468 1175 1538 1229 et
1574 1184 1722 1230 cum
1746 1165 2069 1227 neminem
2086 1161 2386 1247 vidisset,
2409 1180 2603 1245 quem
2642 1163 2920 1247 timeret,

572 1291 797 1365 arepto
837 1276 1098 1363 proprio
1131 1272 1302 1357 pileo
1334 1281 1401 1335 et
1442 1270 1896 1354 congeminato
1943 1271 2013 1332 in
2057 1287 2171 1332 ore
2208 1278 2400 1353 sputo
2441 1284 2640 1349 super
2658 1265 2919 1352 siguum

573 1385 1054 1451 sarracenicum
1116 1376 1409 1461 projecit,
1465 1385 1533 1440 et
1612 1373 1932 1457 ligaturae
1985 1374 2319 1438 maledixit
2372 1382 2440 1436 et
2492 1391 2636 1436 cum
2690 1373 2921 1437 dextro

573 1489 813 1574 pollice
843 1488 1152 1551 sinistrae
1191 1499 1353 1545 suae
1378 1483 1639 1564 signum
1659 1480 1875 1542 crucis
1896 1480 2247 1563 impressit,
2284 1487 2353 1542 et
2389 1478 2600 1542 locum
2622 1478 2925 1561 sig-natae

576 1611 809 1658 manus
849 1588 1272 1654 deosculatus
1315 1595 1437 1669 est,
1471 1594 1539 1648 et
1580 1584 1994 1669 lachrymans
2031 1584 2232 1648 multa
2294 1584 2674 1667 loquebatur
2713 1582 2925 1666 nobis,

573 1711 745 1783 quae
786 1713 916 1758 non
957 1692 1429 1757 intelleximus:
1474 1691 1601 1755 boc
1642 1700 1860 1754 tamen
1903 1692 2148 1772 optime
2177 1688 2543 1772 intelligere
2575 1688 2925 1772 potuimus,

573 1800 750 1890 qued
793 1798 1210 1864 Christianus
1255 1797 1488 1877 fluerat,
1523 1803 1590 1857 et
1632 1804 1898 1859 coaetus
1960 1795 2290 1876 abnegare
2330 1791 2523 1858 fidem
2537 1839 2559 1878 ‚
2622 1801 2690 1856 et
2751 1791 2927 1876 quod

576 1922 707 1968 non
773 1911 913 1966 erat
963 1899 1368 1964 Sarracenus
1383 1943 1405 1982 ,
1445 1898 1569 1962 sed
1647 1915 1895 1982 pauper
1960 1899 2392 1962 Mamalueus.
2509 1896 2929 1962 Comestione
2981 1939 2989 1945 -

574 2015 843 2094 peraeta
894 1993 1250 2069 mansimus
1304 2005 1371 2067 in
1419 1989 1786 2068 habitaculo
1846 2011 2068 2068 nostro
2121 2003 2191 2066 in
2243 2005 2471 2066 umbra
2541 2011 2609 2067 et
2682 2003 2924 2086 quiete.

576 2113 779 2180 Porro
846 2112 915 2174 in
986 2110 1250 2193 pariete-
1298 2127 1452 2173 uno.
1497 2109 1702 2171 nostri
1765 2107 2113 2171 habitaculi
2177 2108 2542 2172 audivimus
2601 2106 2926 2191 quendam

577 2218 976 2282 laborantem
1032 2232 1182 2277 cum
1224 2213 1396 2277 ferro
1436 2214 1506 2277 in
1548 2215 1848 2296 opposita
1886 2221 2108 2297 parte,
2151 2214 2340 2296 quasi
2399 2231 2648 2276 murum
2697 2212 2941 2296 perfo-

580 2322 740 2388 dere
801 2327 1176 2402 conaretur,
1227 2317 1311 2381 de
1373 2336 1502 2401 quo
1561 2317 1742 2382 nulla
1794 2319 1982 2382 nobis
2041 2319 2163 2382 fuit
2218 2337 2407 2403 cura,
2463 2336 2589 2381 nee
2649 2317 2925 2401 alicujus

579 2426 852 2512 periculi
881 2424 1201 2507 suspicio.
1295 2422 1583 2486 'l'andem
1628 2422 1918 2486 foramen
1964 2423 2089 2487 fuit
2130 2424 2396 2507 factum,
2425 2443 2542 2507 per
2567 2422 2927 2506 depositio—

579 2549 736 2596 nem
754 2532 946 2594 unius
966 2527 1219 2612 lapidis.
1242 2525 1448 2591 Erant
1474 2535 1691 2591 autem
1711 2531 1780 2590 in
1804 2527 1932 2591 alia
1973 2536 2159 2612 parte
2187 2527 2488 2592 mulieres
2513 2547 2923 2611 sarracenae,

582 2651 752 2720 quse
794 2627 1082 2699 foramen
1121 2634 1434 2716 fecerant,
1471 2642 1544 2697 ut
1584 2634 1963 2717 peregrinos
1985 2632 2306 2718 viderent,
2342 2634 2575 2717 quibus
2597 2636 2930 2718 aspicien-

581 2742 756 2805 tibus
777 2739 1040 2825 quidam
1079 2739 1317 2808 milites
1338 2739 1767 2823 corridebant‚
1792 2747 1860 2801 et
1899 2739 2110 2822 signis
2137 2757 2217 2803 ae
2257 2739 2522 2803 nutibus
2564 2741 2711 2824 hoc,
2752 2738 2926 2823 quod

582 2847 807 2910 verbis
866 2864 997 2910 nen
1052 2853 1374 2928 poterant,
1429 2844 1881 2928 expediebant.
1969 2841 2161 2921 Quod
2215 2862 2364 2908 curn
2417 2842 2679 2928 quidam
2730 2845 2932 2908 frater

585 2951 819 3034 minor,
868 2950 982 3036 qui
1033 2949 1380 3033 deputatus
1438 2948 1561 3012 fuit
1626 2968 1748 3032 per
1808 2949 2246 3013 Guardianum
2301 2950 2576 3015 circuire
2631 2967 2927 3013 cameras

585 3055 1070 3138 peregrinorum
1085 3095 1109 3137 ,
1161 3061 1497 3135 notasset,
1547 3054 1769 3117 statim
1836 3054 2049 3117 attulit
2105 3064 2468 3118 cementum
2524 3063 2588 3119 et
2641 3055 2929 3119 foramen

585 3156 925 3239 obstruxit,
969 3156 1194 3220 iurans
1234 3175 1354 3240 per
1388 3155 1621 3238 Deum,
1665 3158 1726 3220 si
1762 3156 2108 3222 Sarraceui
2157 3159 2284 3222 hoc
2322 3157 2664 3244 vidissent,
2705 3178 2931 3224 omnes

585 3259 963 3345 peregrinos
1025 3260 1228 3324 atroci
1280 3262 1569 3324 cruciatu
1611 3261 2053 3347 tribulassent,
2099 3266 2253 3347 quia
2293 3273 2448 3328 sunt
2487 3266 2934 3329 vehementis-

587 3367 737 3429 simi
774 3363 1106 3448 zelotypi,
1149 3373 1218 3428 et
1258 3364 1343 3428 ad
1402 3365 1777 3449 zelotypiae
1818 3367 2176 3432 vindictam
2220 3367 2414 3431 simul
2475 3370 2621 3434 sine
2683 3371 2931 3435 ratione

587 3475 999 3536 concurrunt.
1054 3468 1235 3534 Satis
1277 3471 1449 3532 enim
1493 3469 1784 3536 lascivae
1823 3471 2129 3537 videntur
2168 3471 2493 3538 foeminae
2528 3474 2933 3541 Sarraceno-

590 3592 732 3639 rum
773 3592 945 3638 esse.
1029 3573 1202 3638 Nam
1246 3573 1509 3658 quidam
1565 3575 1849 3659 juvenes
1908 3578 2173 3662 milites,
2214 3578 2367 3643 dum
2420 3598 2621 3663 supra
2672 3580 2928 3644 domum

590 3679 1077 3746 deambularent
1118 3687 1190 3743 et
1232 3682 1810 3765 circumspicerent
1830 3728 1852 3767 ,
1908 3682 2217 3748 viderunt
2274 3685 2344 3747 in
2405 3684 2595 3749 domo
2652 3684 2927 3770 quadam

588 3793 727 3850 tres
773 3784 1089 3852 foeminas
1128 3793 1406 3851 stantes:
1471 3804 1640 3869 quae
1690 3789 2038 3871 signabant
2100 3791 2199 3852 eis
2260 3808 2454 3854 manu
2468 3834 2487 3872 ,
2550 3797 2625 3853 ut
2678 3790 2760 3854 ad
2813 3808 2933 3854 eas

588 3886 1076 3953 descenderent.
1176 3890 1288 3953 An
1352 3890 1478 3955 hoc
1520 3891 1794 3956 fecerint
1848 3911 1934 3957 ex
1986 3893 2292 3979 lascivia,
2347 3894 2458 3959 vel
2514 3912 2600 3960 ex
2658 3895 2807 3960 dolo
2861 3903 2933 3959 et

587 3992 854 4077 malitia,
910 3993 1085 4078 quod
1144 3996 1358 4079 magis
1400 3994 1636 4060 eredo:
1690 4005 2057 4081 utrumque-
2097 3999 2533 4082 periculosum
2588 4009 2722 4084 est3
2776 4019 2930 4064 nam

588 4104 907 4164 statutum
946 4099 1075 4163 hoc
1114 4098 1389 4163 habent:
1429 4103 1492 4164 si
1533 4099 1944 4175 Christianus
1986 4111 2285 4186 repertus
2324 4105 2544 4190 fuerit,
2572 4106 2747 4170 coire
2781 4123 2928 4170 cum

585 4215 939 4272 §amoena
973 4203 1261 4287 muliere,
1304 4204 1496 4270 datur
1535 4207 1662 4271 sibi
1700 4206 1896 4291 optio,
1939 4216 2012 4271 ut
2053 4208 2162 4270 vel
2192 4209 2473 4294 abneget
2517 4228 2703 4275 suam
2734 4208 2928 4275 fldem

588 4306 698 4372 vel
739 4311 973 4373 subeat
1010 4317 1302 4394 mertem,
1343 4328 1470 4375 nee
1508 4311 1789 4375 medium
1850 4311 1943 4376 ibi
1985 4311 2108 4376 e‘st.
2202 4314 2461 4378 Interea
2514 4317 2678 4382 hora
2729 4318 2932 4382 horae

587 4413 918 4480 successit
977 4419 1050 4479 et
1113 4420 1374 4501 tempus
1440 4417 1745 4481 transivit
1803 4426 1875 4481 et
1934 4433 2057 4484 nos
2116 4417 2218 4484 sic
2276 4423 2610 4489 stabamus
2630 4468 2652 4509 ,
2712 4433 2779 4489 et
2843 4421 2931 4487 ad
