3242 5259
1628 370 1713 436 12

500 561 585 625 ad
626 553 961 625 vitautlam
987 549 1215 615 talium
1236 548 1750 620 distractionem.
1799 550 1992 617 Unde
2012 551 2458 639 Hieronymus
2478 556 2547 618 in
2569 556 2845 638 epistola

499 662 723 725 Bonus
747 659 960 742 homo,
988 656 1070 739 si,
1112 655 1320 741 inquit
1349 657 1567 720 crucis
1611 665 1679 721 et
1715 660 2210 723 resurrectionis
2255 658 2399 723 loca
2446 679 2576 724 non
2619 670 2848 725 essent

497 761 568 826 in
602 760 761 824 urbe
801 760 1255 845 celeberrima,
1287 761 1356 824 in
1381 779 1511 844 qua
1545 762 1748 846 curia,
1789 762 1858 824 in
1903 781 2035 848 qua
2073 765 2224 828 aula
2264 765 2568 850 militum,
2610 766 2677 829 in
2721 784 2851 850 qua

498 875 755 952 scorta,
812 866 990 930 mimi
1012 911 1034 951 ‚
1101 884 1409 950 scurrae,
1475 874 1543 929 et
1583 868 1801 930 omnia
1843 877 2032 954 suut,
2097 888 2266 953 quae
2316 870 2528 934 solent
2584 888 2738 933 esse
2777 872 2846 934 in

500 972 778 1036 coeteris
834 971 1137 1056 urbibus3
1182 970 1308 1035 ¹'vel
1371 972 1430 1035 si
1484 972 1946 1037 monachorum
1999 973 2206 1036 turbis
2255 973 2658 1038 solummodo
2711 977 2850 1037 fre-

501 1085 935 1161 quentaretur,
975 1076 1415 1163 expetendum
1460 1095 1692 1140 revera
1732 1077 2105 1160 hujusmodi
2149 1080 2401 1141 cunctis
2446 1080 2844 1163 [monachis]

500 1190 680 1246 esset
720 1181 1182 1271 habitaculum.
1227 1178 1429 1243 Nunc
1457 1199 1616 1244 vero
1639 1183 2272 1259 summaestultitiae
2296 1195 2400 1248 est
2446 1185 2849 1267 [renuntiare

498 1285 796 1368 saeculo]
822 1286 1141 1350 dimittere
1181 1286 1474 1368 patriam,
1490 1286 1660 1349 inter
1681 1285 1965 1369 majores
2007 1276 2281 1372 popu'los
2302 1307 2581 1373 peregi-‚e
2601 1291 2850 1375 vivere,

500 1391 736 1454 melius
779 1410 976 1475 quum
1024 1409 1172 1454 eras
1196 1391 1489 1455 victurus
1525 1392 1592 1453 in
1616 1392 1844 1474 patria.
1891 1391 1994 1454 De
2035 1401 2169 1457 toto
2192 1396 2348 1458 orbe
2368 1388 2848 1478 Jerosolyinam

498 1497 934 1581 concurritur,
994 1496 1189 1580 plena
1244 1506 1359 1585 pst
1400 1497 1636 1560 civitas
1687 1498 1980 1561 universi
2034 1499 2297 1581 generis
2360 1500 2719 1584 hominum,
2784 1507 2850 1561 et

499 1610 681 1667 tanta
719 1603 1061 1685 utriusque
1109 1619 1316 1665 sexus
1343 1602 1755 1686 constipatio,
1798 1611 2026 1666 utnon
2048 1604 2134 1666 sit
2175 1604 2382 1687 quies,
2424 1623 2549 1667 nee
2591 1604 2850 1667 devotio

498 1714 612 1768 aut
649 1706 1035 1768 recollectio.
1081 1704 1271 1768 Haec
1292 1707 1736 1790 Hieronymus
1782 1707 1994 1789 [Tem.
2028 1708 2086 1770 1.
2111 1707 2251 1771 Fol.
2298 1710 2443 1791 103,
2460 1710 2555 1792 A]
2602 1710 2848 1797 Verum

498 1809 628 1873 iam
672 1809 863 1872 aliam
896 1808 1098 1873 habet
1139 1810 1376 1873 civitas
1411 1792 1644 1876 sancta
1686 1811 1938 1895 faciem.
2023 1812 2123 1883 1125
2162 1832 2335 1877 nunc
2379 1833 2503 1876 nee
2545 1834 2680 1897 rex,
2725 1833 2849 1878 nec

497 1913 709 1996 miles,
756 1913 886 1977 imo
927 1931 1052 1977 nec
1080 1923 1318 1999 scorta,
1363 1920 1493 1987 uec
1524 1914 1721 2029 miup‘⁹
1765 1923 1831 1975 et
1873 1922 2182 1998 quantum
2221 1916 2303 1980 ad
2345 1912 2491 2001 hoe,
2534 1919 2846 2003 securior,

501 2018 823 2102 sanctior,
892 2027 959 2081 et
988 2015 1309 2097 ,devotior
1351 2026 1455 2081 est
1495 2018 1895 2099 peregrinari
1932 2020 2152 2104 modo,
2209 2040 2400 2105 quam
2439 2032 2731 2105 tempore
2784 2023 2845 2086 b.

500 2123 903 2206 Hieronymi,
919 2094 1206 2209 nqsssunt
1216 2123 1311 2235 {pi
1333 2118 1788 2205 impemassna
1801 2126 2221 2208 singularium
2245 2108 2680 2211 devotionuin,
2694 2126 2849 2191 licet

500 2228 744 2291 multae
785 2229 915 2291 sint
955 2228 1277 2297 miseriae.
1296 2228 1421 2290 Oe
1463 2224 1701 2311 quihus
1744 2232 1989 2317 patebit
2034 2232 2103 2294 in
2144 2228 2586 2316 sequentibus.
2632 2230 2849 2315 (512)

662 2326 867 2395 Porro
887 2377 908 2416 ,
973 2333 1032 2396 si
1104 2332 1356 2417 absque
1416 2322 1686 2396 lieentia
1745 2330 1892 2418 quis
1956 2337 2080 2398 iter
2134 2337 2428 2421 arripiat,
2473 2356 2598 2401 nec
2630 2338 2847 2403 audit:

502 2436 1022 2520 Egredere,⁴iam
1068 2439 1361 2520 egressio
1405 2437 1554 2502 talis
1596 2457 1728 2501 non
1772 2451 1966 2533 esset,A
1992 2410 2423 2524 peregrinatio
2441 2488 2480 2525 ,.
2506 2424 2626 2507 s'ed
2668 2446 2850 2531 peri-

505 2541 732 2605 culosa
773 2541 1217 2641 damnssague
1257 2545 1556 2626 evagatio
1578 2589 1599 2628 ,
1660 2562 1785 2608 nec
1843 2546 1967 2608 iret
2017 2555 2166 2629 post
2236 2562 2479 2641 ξεν
2529 2548 2848 2613 sodalium

507 2644 772 2730 Christi,
816 2646 936 2711 sed
976 2657 1129 2745 post
1165 2649 1530 2713 institutum
1565 2649 1822 2733 diaboli,
1866 2652 2035 2715 sicut
2078 2653 2249 2715 enim
2271 2652 2642 2719 Salomon3
2675 2653 2845 2737 Reg.

505 2752 553 2817 2
590 2772 662 2821 v.
726 2752 814 2818 ³6
836 2746 1011 2837 sqq.¹
1051 2755 1383 2863 praecepit
1446 2754 1699 2839 Semei,
1757 2764 1830 2819 ut
1890 2757 2015 2818 sibi
2074 2756 2442 2819 aedificaret
2485 2756 2742 2821 domum
2782 2759 2851 2821 in

510 2854 901 2941 Jerusalem,
952 2868 1018 2921 et
1061 2878 1192 2953 non
1226 2859 1655 2941 ,egrederetur
1694 2860 1822 2923 hue
1862 2868 2058 2965 atgue
2101 2859 2273 2921 illue.
2362 2855 2851 2942 Quamcumque

508 2971 725 3024 autem
768 2961 875 3024 die
915 2963 1306 3025 eontrarium
1349 2964 1597 3047 fecerit,
1642 2972 1709 3026 et
1750 2975 1931 3026 trans
1975 2972 2320 3027 torrentem
2352 2948 2611 3025 Cedron
2664 2973 2846 3028 trans

508 3064 689 3147 ierit,
752 3065 925 3126 scire
964 3082 1068 3155 mse
1122 3065 1655 3131 interficiendum.
1777 3040 1967 3144 Quffd
1993 3074 2097 3169 ⁴¹‚et
2159 3065 2284 3151 §flii
2346 3067 2616 3149 cmitigit
2636 3064 2849 3151 ,vum

512 3184 822 3250 egressus
865 3168 1010 3229 sine
1072 3168 1384 3232 facultate
1426 3152 1574 3233 ‘’flu't.
1620 3170 1737 3233 Sic
1775 3186 1976 3259 verus
2040 3167 2348 3232 Salomon
2410 3168 2734 3257 Christus,
2779 3184 2849 3238 et

508 3270 691 3355 Papa
732 3269 977 3334 Christi
998 3273 1305 3379 vicarius,
1342 3275 1673 3358 praecepit
1716 3270 1980 3343 cuilibet
2009 3272 2188 3336 fideli
2228 3271 2565 3383 Cathyieo
2586 3297 2849 3343 manere

509 3375 580 3439 in
620 3376 1012 3461 Ierusalem,
1057 3378 1184 3442 hoc
1227 3388 1362 3462 est,
1405 3380 1474 3441 in
1531 3379 1821 3481 terminis
1864 3378 2358 3443 christianorum
2377 3425 2398 3464 ,
2441 3384 2849 3469 quacumque

511 3489 728 3544 autem
772 3481 877 3545 die
919 3499 1230 3575 egressus
1273 3483 1469 3547 fuerit
1514 3486 1802 3569 aliquis,-
1872 3485 2017 3547 sine
2069 3485 2330 3548 licentia
2378 3500 2623 3572 papae,
2667 3499 2848 3553 trans

513 3593 859 3651 torrentem
878 3588 1073 3650 maris
1090 3588 1525 3672 magniffire
1536 3607 1636 3663 se
1654 3570 2165 3654 interficiendum
2186 3586 2847 3658 excommunicatione

511 3689 746 3774 papali.
787 3691 912 3755 Est
958 3694 1130 3758 enim
1171 3693 1558 3777 prohibitum
1598 3696 1723 3760 st*
1763 3696 2018 3782 magnis
2060 3697 2377 3780 censuris,
2421 3690 2590 3782 quod
2630 3700 2849 3762 nullus

512 3795 761 3880 absque
808 3795 1033 3895 papae
1088 3797 1353 3905 lieentia
1409 3799 1610 3865 vadat
1681 3802 1752 3865 in
1804 3796 2041 3865 terrffm
2100 3810 2414 3885 sanctam.
2532 3803 2621 3867 Et
2677 3805 2849 3871 hanc

513 3906 858 3966 censuram
896 3912 963 3965 et
992 3898 1731 3983 exwmmunibationem
1782 3906 1948 3970 vidit
1995 3906 2314 3995 Dominus
2370 3907 2741 3973 Anthonius
2779 3909 2848 3973 in

514 4003 675 4093 libro
715 4007 1244 4088 poenitentiariae
1283 4011 1518 4097 sumqi
1559 4010 2050 4095 poenitentiarii.
2114 4004 2204 4093 Ut
2243 4006 2398 4093 §icit
2432 4013 2500 4076 in
2543 4013 2848 4078 'l'raetatu

513 4107 598 4172 de
637 4110 1427 4179 &communicationibus
1473 4112 1548 4177 C.
1591 4115 1698 4180 32.
1788 4080 2008 4193 (fiai-e
2061 4092 2279 4180 autem
2329 4134 2528 4199 super
2580 4117 2736 4183 hoc.
2760 4118 2851 4181 sit

510 4214 645 4279 lata
688 4208 1018 4280 sententia'
1054 4219 1756 4305 excommunicationis,
1799 4221 1952 4285 vide
1993 4214 2145 4305 post
2186 4216 2286 4305 ea,
2327 4220 2478 4306 pag.
2519 4222 2624 4289 82.
2687 4219 2846 4286 Ideo

511 4318 727 4383 nullus
744 4318 1112 4386 cardinalis
1136 4331 1203 4385 et
1221 4323 1437 4397 nullus
1450 4324 1744 4411 laegatus
1756 4326 2116 4391 intromittit
2135 4345 2213 4392 se
2232 4326 2316 4390 de
2325 4325 2540 4394 danda
2562 4316 2844 4411 licentia,

509 4422 630 4489 sed
670 4434 973 4510 petentes
1019 4436 1131 4490 aut
1170 4427 1255 4491 ad
1296 4429 1576 4517 Papam,
1618 4441 1731 4497 aut
1774 4430 1859 4496 ad
1900 4451 2219 4499 summum
2280 4433 2847 4499 Poenltentiarium
