3242 5259
1506 300 1587 366 51

352 489 585 546 vento.
672 480 861 542 Mare
924 487 1141 544 autem
1199 479 1609 543 fervescebat
1652 491 1719 544 et
1778 485 2252 548 intumescebat
2293 488 2489 551 nimis
2542 491 2714 554 inter

351 605 488 651 nos
555 593 623 649 et
707 583 1042 649 Candiam.
1168 585 1371 654 Porro
1453 587 1922 669 gubernatores
2003 587 2304 655 videntes
2385 596 2715 659 incautum

356 711 518 756 esse
536 735 556 774 ,
656 707 894 754 navem
989 692 1188 753 tantis
1277 694 1583 756 oneribus
1672 702 2010 777 gravatam
2032 740 2055 784 ,
2138 713 2339 759 aurae
2411 699 2714 764 fluctibus

360 798 805 878 committere,
882 811 925 856 a
959 794 1183 858 latere
1245 805 1586 862 ventorum
1642 798 1993 863 studebant
2046 809 2281 866 terram
2332 813 2586 886 petere,
2649 812 2717 867 et

359 920 608 985 magno
672 900 891 963 labore
947 901 1364 982 pervenimus
1405 901 1490 964 ad
1532 913 1840 966 montana
1882 903 2120 969 Cretae
2170 908 2345 970 infra
2385 909 2715 973 civitatem

361 1007 453 1072 ad
494 1006 621 1070 dno
687 1005 999 1086 miliaria,
1070 1007 1292 1090 ibique
1351 1007 1582 1089 ejectis
1647 1008 1954 1071 anchoris
2018 1028 2257 1074 navem
2324 1013 2585 1076 fiximus
2644 1016 2714 1076 in

359 1112 570 1176 sterili
631 1120 700 1174 et
751 1110 1012 1174 deserto
1058 1110 1222 1175 loco.
1332 1109 1649 1194 Sequenti
1690 1122 1884 1177 nocte
1925 1113 2244 1179 solvimus
2290 1115 2594 1199 Galeam,
2649 1126 2718 1180 et

361 1234 546 1282 mare
604 1218 888 1298 ingressi
982 1225 1251 1280 ventum
1306 1234 1611 1300 magnum
1690 1218 2065 1301 habuimus,
2122 1219 2244 1284 sed
2299 1222 2592 1285 inutilem
2651 1230 2717 1285 et

365 1324 552 1407 passi
594 1321 833 1384 fuimns
879 1323 1216 1404 ingentem
1260 1330 1711 1405 tempestatem
1750 1322 1867 1385 illa
1900 1332 2093 1388 nocte
2133 1333 2201 1387 et
2240 1325 2349 1388 die
2391 1329 2713 1410 sequenti.

363 1427 522 1491 Alia
573 1445 739 1491 vero
782 1435 1012 1505 nocte,
1066 1445 1236 1511 quae
1278 1427 1400 1491 fuit
1446 1432 1518 1491 in
1568 1428 1739 1491 festo
1789 1428 1861 1492 S.
1913 1428 2282 1514 Michaelis,
2327 1448 2714 1494 concussum

366 1541 472 1595 est
514 1549 694 1596 mare
740 1530 912 1597 adeo
954 1532 1374 1615 horribiliter,
1434 1535 1606 1596 sicut
1651 1551 1935 1615 unquam
1976 1535 2259 1598 vidimus
2301 1538 2370 1599 in
2412 1544 2550 1599 tota
2588 1537 2719 1599 ista

364 1638 803 1719 navigatione.
885 1639 962 1700 In
1021 1639 1149 1702 hac
1190 1646 1577 1720 tempestate
1621 1637 1803 1702 multi
1846 1649 2005 1704 vota
2052 1650 2375 1704 voverunt
2414 1640 2713 1703 Domino.

362 1739 644 1819 Quidam
705 1743 902 1826 enim,
944 1745 1059 1825 qui
1102 1743 1421 1806 hactenns
1465 1753 1720 1808 noctem
1763 1743 1832 1810 S.
1875 1745 2222 1810 Michaelis
2266 1755 2413 1810 cum
2459 1747 2712 1810 ventris

366 1847 661 1929 ingluvie
738 1856 1165 1932 peregerunt,
1244 1858 1568 1912 voverunt
1636 1848 1812 1912 illam
1874 1849 2166 1933 vigiliam
2231 1868 2379 1915 cum
2443 1848 2714 1934 jejunio,

367 1953 584 2038 quoad
628 1956 953 2032 viverent,
983 1970 1312 2035 peragere.
1374 1954 1607 2036 Aquae
1641 1955 1812 2016 enim
1842 1957 2311 2038 intemperatae
2352 1955 2716 2019 incidentes

370 2076 496 2122 nos
527 2056 794 2121 multum
836 2059 1313 2141 perturbabant,
1336 2067 1399 2121 et
1425 2076 1681 2123 eramus
1707 2078 1933 2123 omnes
1954 2060 2211 2145 infirmi,
2238 2069 2302 2123 et
2325 2059 2712 2143 vertiginem

372 2181 455 2226 ac
499 2165 1028 2227 evomitationem
1081 2162 1482 2244 patiebamur
1520 2172 1784 2246 propter
1842 2167 2033 2227 navis
2075 2167 2510 2248 agitationem.
2596 2164 2719 2226 Illa

372 2276 770 2351 tempestate
810 2266 1085 2330 durante
1127 2267 1344 2333 sactus
1394 2276 1496 2330 est
1533 2277 1774 2331 ventus
1813 2268 1924 2330 ille
1966 2288 2082 2350 pro
2126 2270 2343 2351 nobis,
2386 2271 2497 2350 qui
2537 2270 2719 2350 prius
2781 2271 2789 2280 ‘

373 2382 515 2436 erat
554 2370 704 2453 (B)
764 2381 993 2435 contra
1054 2391 1208 2455 nos,
1273 2380 1341 2436 et
1388 2371 1804 2436 velocissimo
1864 2392 2063 2437 cursu
2125 2375 2361 2439 multas
2417 2375 2718 2455 regiones

373 2479 934 2560 postergavimus‚
996 2486 1062 2540 et
1116 2497 1318 2561 prope
1387 2478 1721 2540 Metonam
1777 2481 2112 2560 venimus,
2173 2479 2293 2541 sed
2332 2480 2403 2540 in
2462 2487 2716 2560 portum

373 2585 615 2646 intrare
648 2600 779 2646 non
816 2580 1158 2645 valuimus.
1204 2584 1292 2645 Et
1325 2600 1412 2644 ne
1453 2584 1520 2644 vi
1552 2591 1893 2646 ventorum
1929 2591 2276 2645 retrorsum
2313 2582 2717 2665 pelleremur,

375 2696 630 2771 portum
671 2684 996 2769 quendam
1039 2686 1369 2749 desertum
1409 2687 1579 2749 inter
1620 2688 1906 2768 parietes
1948 2694 2272 2769 petrarum
2314 2687 2719 2776 intravimus.

377 2792 462 2854 Et
505 2795 662 2875 qnia
718 2792 834 2854 vix
876 2809 995 2874 per
1052 2791 1306 2855 miliare
1347 2791 1797 2855 Alemanicum
1841 2809 1882 2852 a
1921 2792 2194 2853 Metona
2253 2803 2542 2872 eramus,
2600 2807 2719 2851 nos

376 2897 705 2978 peregrini
777 2897 1073 2977 acceptis
1135 2895 1420 2959 sacculis
1475 2897 1721 2959 nostris
1778 2914 1896 2978 per
1959 2904 2193 2958 terram
2255 2895 2326 2956 iu
2388 2895 2720 2957 Metonam

375 3003 616 3064 ivimus
693 3000 913 3082 ibique
1000 2996 1274 3064 Galeam
1353 3002 1908 3082 exspectavimus.
2014 2999 2272 3062 Deinde
2348 3017 2390 3062 a
2442 3000 2723 3062 Metona

380 3106 808 3187 recessimus,
878 3114 946 3168 et
989 3104 1215 3187 rapido
1273 3123 1471 3171 cursu
1532 3107 1603 3169 in
1649 3104 2008 3189 Corzyram
2056 3107 2390 3186 venimus,
2446 3104 2557 3168 ubi
2612 3102 2721 3166 alii

378 3209 707 3293 peregrini
778 3208 976 3272 divisi
1041 3209 1304 3273 fuerunt
1357 3229 1398 3273 a
1437 3212 1645 3274 nobis.
1751 3210 1846 3274 At
1907 3217 2411 3293 vesperascente
2474 3209 2580 3273 die
2639 3207 2724 3270 de

380 3311 677 3396 Corzyra
737 3314 823 3377 ad
886 3313 1138 3384 insulas
1217 3312 1576 3397 Gozapolis
1650 3314 1847 3379 delati
1916 3331 2173 3382 sumus.
2268 3314 2440 3378 Dum
2507 3321 2724 3376 autem

382 3420 661 3483 obscura
701 3438 859 3504 ‘nox
939 3418 1239 3502 adesset,
1323 3438 1447 3483 nec
1517 3419 1736 3502 aliqua
1810 3419 2028 3483 sidera
2102 3425 2486 3502 apparerent
2551 3417 2723 3479 facto

383 3524 653 3607 eurippo
730 3530 874 3586 orta
965 3532 1067 3586 est
1128 3526 1519 3587 saevissima
1586 3533 1976 3607 tempestas,
2031 3534 2098 3587 et
2162 3521 2491 3586 horribilis
2554 3521 2726 3583 aeris

385 3636 451 3690 et
495 3629 694 3691 maris
756 3628 1172 3710 perturbatio.
1257 3629 1461 3692 Venti
1523 3629 1696 3690 enim
1755 3627 2139 3691 validissimi
2194 3629 2265 3689 in
2340 3625 2539 3688 altum
2603 3640 2726 3687 nos

384 3731 713 3814 levabant,
737 3740 803 3793 et
827 3731 1085 3815 fulgura
1115 3733 1542 3796 coruscabant
1566 3743 1632 3795 et
1658 3734 1937 3795 tonitrua
1972 3721 2293 3795 hori-enda
2323 3729 2726 3808 intonabant,

386 3855 536 3900 cum
576 3837 811 3921 quibus
873 3838 1025 3902 hinc
1079 3839 1233 3904 inde
1285 3835 1693 3926 formidanda
1743 3834 2016 3900 fulmina
2056 3836 2407 3902 cadebant:
2453 3833 2616 3897 adeo
2658 3838 2730 3894 ut

385 3943 454 4006 in
521 3942 743 4007 multis
797 3942 961 4006 locis
1024 3962 1204 4007 mare
1273 3943 1505 4008 ardere
1566 3940 1927 4005 videbatur.
2032 3940 2168 4004 Sed
2228 3950 2295 4003 et
2356 3938 2582 4022 pluvia
2636 3937 2732 3998 ita

387 4048 818 4130 intemperate
853 4046 1226 4130 inundabat,
1253 4066 1332 4110 ac
1362 4048 1422 4110 si
1455 4047 1664 4111 nubes
1702 4046 1947 4108 fractae
1989 4046 2338 4127 etspenitus
2373 4042 2731 4107 dissolutae

390 4151 720 4215 caderent.
808 4153 1082 4235 Insuper
1123 4152 1450 4238 procellae
1491 4157 1854 4233 importune
1894 4157 2308 4213 accurrentes
2345 4150 2411 4212 in
2457 4146 2731 4213 Galeam

390 4256 745 4341 cadebant,
787 4274 1063 4340 eamque
1104 4258 1406 4320 continue
1449 4257 1857 4339 operiebant,
1900 4264 1964 4318 et
2022 4254 2229 4320 latera
2262 4251 2513 4316 Galeae
2568 4250 2731 4314 adeo

402 4360 565 4425 dure
606 4362 1076 4445 percutiebant,
1119 4380 1198 4428 ac
1239 4363 1299 4425 si
1325 4363 1407 4426 de
1428 4370 1645 4428 monte
1678 4361 1894 4444 aliquo
1923 4357 2207 4443 grandes
2223 4354 2473 4512 aspides
2510 4364 2735 4420 contra
