3242 5259
1499 263 1623 334 iffi

394 467 555 528 vero
593 449 678 522 S⁴
696 450 936 536 Marci,
969 443 1142 530 quod
1168 445 1524 522 Vomano
1551 441 1956 514 Amnon-12
1989 445 2271 512 aderunt
2293 449 2364 512 in
2395 446 2729 518 civitatem

393 576 618 640 suam,
688 574 820 620 non
878 553 1194 636 vidimus,
1258 553 1412 635 quia
1464 553 1735 635 diciiur,
1791 551 1966 636 quod
2040 550 2302 635 quidam
2364 553 2728 618 Monachus

397 663 569 728 hirto
609 660 770 725 illud
827 658 1129 743 abstulit,
1192 668 1258 722 et
1296 662 1370 723 iu
1425 641 1845 728 Germaniam
1912 655 2275 740 deportavit
2330 655 2412 721 ad
2475 655 2729 722 Owiam

395 766 737 850 majorem,
809 764 891 829 de
952 765 1185 847 quibus
1240 743 1538 830 omnibus
1600 762 1795 828 latius
1850 760 2083 825 dicitur
2140 764 2211 824 in
2260 761 2333 824 P.
2385 762 2449 826 2.
2489 761 2534 824 f.
2574 761 2725 828 m.

395 871 655 956 Deinde
715 869 800 934 de
862 868 1142 932 ecclesia
1204 871 1622 934 transivimus
1685 869 1754 932 in
1824 867 2029 930 Ducis
2095 864 2437 950 palatium,
2497 874 2565 929 et
2614 884 2731 951 per

396 976 723 1062 quendam
777 974 862 1039 de
922 976 1103 1039 curia
1155 974 1362 1038 Ducis
1467 973 1552 1037 ad
1603 974 1820 1036 omnia
1874 970 2233 1054 penetralia
2294 969 2501 1034 Ducis
2555 963 2743 1035 ducti'

398 1100 647 1168 sumus,
690 1084 884 1144 etiam
926 1085 1136 1165 usque
1174 1079 1261 1145 ad
1320 1082 1667 1146 thesauros
1704 1076 1946 1160 Ducis,
2013 1094 2175 1160 quos
2232 1069 2537 1146 vidimus
2614 1073 2737 1139 Illa

396 1187 501 1253 die
544 1196 647 1250 est
690 1187 927 1252 festum
969 1185 1342 1270 mulierum,
1378 1195 1444 1249 et
1486 1183 1792 1248 videntur
1831 1182 1922 1246 ibi
1967 1181 2391 1247 foeminaium
2440 1188 2735 1245 ostenta-

393 1294 608 1370 tiones
668 1291 1002 1357 seculares
1062 1292 1416 1374 facientes,
1486 1287 1661 1376 quod
1727 1297 1831 1352 est
1892 1289 2124 1352 mirum
2187 1284 2416 1408 videre
2490 1293 2736 1350 tautam

396 1398 894 1481 preciositatem.

551 1523 759 1588 Sexta
797 1522 1051 1586 decima
1092 1521 1230 1604 die,
1278 1521 1652 1605 jacentibus
1693 1521 1906 1586 adhuc
1941 1522 2131 1586 uobis
2170 1522 2240 1585 in
2280 1520 2494 1603 lectis,
2540 1517 2732 1581 audi-

397 1632 616 1694 vimus
694 1626 1001 1691 familiam
1068 1625 1300 1690 domus
1373 1628 1851 1691 lamentantem.
1960 1626 2133 1691 Nam
2196 1625 2438 1708 hospes
2514 1632 2738 1687 noster

395 1737 709 1818 magister
775 1730 1114 1794 Johannes
1178 1730 1406 1796 eadem
1471 1739 1665 1796 nocte
1721 1731 2002 1815 obierat,
2067 1740 2133 1793 et
2198 1729 2590 1793 tractabatur
2649 1726 2736 1790 de

395 1840 539 1924 ejus
594 1837 950 1922 sepultura.
1020 1835 1209 1899 Unde
1249 1809 1552 1936 quidam,
1605 1837 2024 1900 aestimantes
2070 1852 2217 1898 eum
2276 1836 2483 1899 fuisse
2524 1835 2736 1917 pesti-

392 1945 732 2026 lenticum,
790 1942 1067 2005 navibus
1133 1941 1473 2009 conductis
1511 1940 1970 2004 .ascenderunt
2019 1942 2088 2004 in
2143 1938 2466 2024 Paduam,
2514 1948 2583 2001 et
2640 1937 2736 2002 ibi

393 2053 516 2139 per
553 2049 796 2132 aliquot
838 2047 980 2110 dies
1021 2057 1419 2113 manserunt.
1451 2047 1636 2120 ,Cum
1678 2047 2072 2136 illis-autem,
2113 2046 2227 2131 qui
2266 2051 2735 2125 remanserunt,

397 2173 522 2239 ego
562 2152 871 2237 navigavi
912 2155 982 2215 in
1024 2153 1371 2238 ecclesiam
1415 2151 1486 2215 S.
1530 2151 1773 2220 Rachia
1806 2145 1875 2214 in
1918 2152 2186 2214 civitate
2241 2149 2590 2214 venetiaua
2605 2193 2624 2229 ,
2668 2156 2738 2210 et

392 2260 841 2324 invocavimus
880 2257 1248 2339 praefatum
1311 2257 1653 2346 Sanctum,
1753 2258 1867 2342 qui
1931 2255 2239 2339 specialis
2311 2254 2566 2338 adiutor
2634 2258 2738 2315 est

397 2366 755 2430 timentium
797 2370 1089 2445 pestem,
1129 2380 1215 2425 ne
1254 2362 1667 2426 inficiantur.-

565 2513 839 2576 Decima
879 2512 1156 2594 septima
1190 2511 1329 2596 die,
1391 2531 1561 2598 quae
1607 2511 1731 2575 fuit
1770 2514 1998 2597 vigilia
2044 2512 2494 2595 Pentecostae,
2539 2508 2736 2571 navi-

403 2619 707 2703 gavimus
750 2615 834 2679 ad
871 2607 1337 2682 nonasterium
1379 2616 1454 2685 S.
1496 2617 1816 2682 Johannis
1859 2617 2122 2683 Ordinis
2174 2618 2336 2701 albi,
2378 2626 2445 2679 et
2498 2611 2736 2678 ibidem

408 2722 648 2786 Officio
688 2720 1095 2786 interfuimus
1138 2730 1205 2785 et
1245 2721 1549 2808 reliquias
1593 2723 1955 2789 deosculati
2001 2740 2249 2788 sumus.
2334 2721 2495 2785 Post
2532 2734 2737 2802 prau-

398 2828 578 2892 dium
634 2843 795 2890 vero
873 2824 956 2888 ad
1018 2831 1612 2913 armamentarium,
1691 2828 1865 2914 quod
1938 2830 2272 2893 nominant
2342 2822 2734 2905 Archanale,

401 2934 693 2997 civitatis
754 2931 1207 3015 transivimus,
1266 2942 1561 3015 petentes
1635 2934 1984 2999 intromitti.
2089 2932 2451 2997 Intromissi
2517 2937 2735 2992 autem

397 3037 682 3102 vidimus
723 3036 812 3099 ibi
855 3035 1208 3100 mirabilem
1237 3045 1616 3120 apparatum
1642 3037 1966 3123 bellicum,
1990 3047 2054 3102 et
2099 3037 2494 3122 reipublicae
2536 3051 2736 3119 para-

402 3151 620 3206 menta
661 3139 745 3203 ad
788 3138 963 3203 bella
1019 3140 1280 3204 navalia
1320 3150 1387 3204 et
1447 3145 1776 3226 equestria
1833 3162 1915 3208 ac
1954 3144 2316 3227 pedestria,
2374 3141 2458 3205 de
2499 3140 2735 3226 quibus

397 3255 548 3331 post
589 3245 820 3309 dicitur
860 3243 1032 3308 Part.
1069 3244 1132 3308 2.
1179 3244 1223 3308 f.
1264 3246 1409 3311 205.
1468 3246 1629 3311 Post
1669 3249 1796 3312 hoc
1831 3249 2072 3314 ivimus
2114 3249 2308 3312 etiam
2350 3247 2432 3311 ad
2478 3246 2737 3310 domum

398 3353 750 3435 pistorum,
829 3351 940 3435 qui
1016 3360 1328 3444 coquunt·
1363 3355 1730 3436 'paximates
1798 3353 1882 3418 ad
1959 3372 2172 3437 mare,
2245 3362 2314 3416 et
2381 3351 2464 3415 de
2537 3349 2737 3413 tantis

403 3455 774 3519 fornacibus
816 3462 880 3516 et
923 3453 1183 3536 ignibus
1233 3464 1300 3519 et
1352 3456 1682 3526 laboribus
1742 3461 2144 3545 expavimus.
2223 3459 2311 3523 Et
2352 3456 2610 3521 demum
2654 3450 2738 3515 ad

396 3559 655 3625 domum
699 3561 950 3624 reversi
1000 3576 1245 3625 sumus.

561 3710 837 3775 Decima
882 3719 1150 3795 octava,
1192 3728 1361 3796 quae
1405 3712 1526 3776 fuit
1565 3712 1710 3776 dies
1748 3712 2070 3783 dominica
2116 3726 2185 3781 et
2225 3716 2464 3798 festum
2493 3713 2740 3781 Pente-

400 3822 659 3899 costes,
700 3816 1091 3880 intravimus
1156 3834 1350 3880 mane
1392 3817 1737 3882 ecclesiam
1779 3820 1850 3886 S.
1895 3823 2366 3888 Bartholomaei
2413 3819 2736 3905 Apostoli,

398 3937 571 4004 quae
631 3931 736 3985 est
796 3920 1080 3986 ecclesia
1127 3922 1517 4005 parochialis
1590 3925 1854 4009 hospitii
1919 3929 2152 4013 nostri5
2238 3939 2307 3992 et
2370 3929 2460 3992 ibi
2521 3926 2741 3991 audivi

401 4024 856 4098 confessiones
905 4027 1304 4112 quorundam
1347 4030 1866 4114 peregrinorum,
1913 4042 1977 4096 et
2032 4032 2114 4096 de
2155 4033 2420 4097 licentia
2483 4033 2741 4118 plebani

402 4127 695 4211 ejusdem
774 4131 1096 4196 ecclesiae
1178 4131 1444 4212 eosdem
1523 4151 1716 4199 sacro
1798 4137 2255 4203 Eucharistiae
2331 4147 2739 4203 sacramento

399 4237 902 4320 communicavi,
963 4246 1032 4301 et
1094 4238 1449 4312 mansimus
1510 4258 1630 4323 per
1686 4249 1887 4310 totum
1948 4244 2252 4310 Officium
2305 4247 2377 4307 in
2412 4243 2735 4327 parochia.

397 4337 559 4404 Post
598 4339 936 4423 prandium
977 4359 1134 4410 vero
1175 4345 1636 4429 navigavimus
1666 4346 1750 4411 ad
1791 4351 2139 4415 eeclesiam
2171 4347 2399 4413 Sancti
2433 4345 2740 4429 Spiritus,
