3242 5259
401 531 666 600 specum
750 514 1159 600 invenimus,
1239 532 1373 579 non
1430 512 1692 601 quidem
1748 524 1892 580 arte
1952 526 2020 580 et
2081 532 2273 581 manu
2344 517 2589 585 factum
2640 538 2761 605 per

401 624 583 706 rupis
613 621 1016 706 incisionem,
1057 621 1179 686 sed
1219 639 1260 686 a
1301 621 1631 685 creatione
1672 620 1757 685 ab
1810 621 1999 686 initio
2041 620 2381 688 formatum
2425 634 2493 689 et
2531 623 2760 711 dispo-

401 726 648 812 situm,
662 734 739 791 ut
778 737 963 792 esset
1000 726 1185 791 locus
1225 725 1544 809 orationi,
1585 725 1984 791 meditationi
2075 737 2142 791 et
2202 729 2755 818 contemplationi,

404 833 803 916 aptissimus,
845 841 914 896 et
952 830 1366 897 solitudinem
1406 829 1804 895 desideranti
1845 848 2192 915 congruus.
2237 834 2437 898 Hunc
2485 851 2759 919 specum

402 936 722 1001 Dominus
767 937 973 1000 Jesus
1014 937 1388 1021 frequenter
1408 937 1710 1001 noctibus
1752 936 2058 1020 intrabat,
2098 938 2328 1003 exiens
2352 936 2441 1003 de
2464 940 2757 1018 civitate,

404 1050 471 1104 et
511 1040 602 1104 ibi
641 1043 712 1104 in
758 1028 1058 1105 oratione*
1090 1041 1353 1128 vigilias
1393 1041 1851 1105 sanctissimas
1912 1043 2348 1110 continuabat.
2431 1042 2540 1109 Ad
2580 1044 2758 1110 hunc

399 1161 672 1229 specum
712 1147 895 1210 venit
931 1145 1337 1211 Nicodemus
1376 1156 1575 1210 nocte
1614 1144 1700 1208 ad
1795 1146 2141 1212 Dominum
2180 1148 2412 1213 Jesum
2428 1188 2456 1227 ,
2500 1158 2569 1213 et
2609 1149 2759 1215 dia-

403 1248 622 1333 logum
664 1250 1022 1316 altissimae
1059 1250 1428 1335 theologiae
1467 1252 1556 1315 ibi
1598 1250 2023 1335 conficiebat,
2070 1272 2263 1338 quem
2315 1252 2386 1317 S.
2415 1254 2761 1319 Johanncs

401 1354 833 1438 Evangelista
873 1359 1260 1442 conscripsit
1299 1356 1349 1419 J
1349 1357 1451 1421 oh.
1496 1358 1610 1420 m.
1691 1357 1824 1421 Hic
1864 1363 1971 1421 est
2016 1356 2235 1443 locus,
2274 1377 2465 1442 quem
2505 1360 2758 1425 sciebat

400 1457 617 1541 Iudas,
660 1461 813 1546 quia
854 1461 1231 1546 frequenter
1270 1480 1421 1526 eum
1457 1460 1795 1545 discipulis
1851 1461 1920 1525 in
1962 1480 2110 1526 eum
2167 1463 2374 1528 exivit
2409 1464 2732 1530 Dominus

403 1572 477 1628 ut
519 1564 751 1630 dicitur
788 1566 838 1629 J
839 1567 940 1630 oh.
979 1568 1221 1634 xvm.
1303 1568 1381 1631 ln
1423 1575 1618 1631 nocte
1684 1583 1844 1649 ergo
1907 1575 2057 1650 post
2124 1567 2419 1632 ultimam
2479 1587 2749 1635 coenam

406 1687 722 1753 egressus
760 1671 965 1735 Jesus
1007 1672 1091 1736 de
1115 1672 1390 1738 civitate
1433 1680 1619 1736 trans
1668 1678 2023 1735 torrentem
2068 1669 2373 1756 cedron,
2431 1675 2543 1739 ubi
2609 1683 2751 1739 erat

405 1777 652 1859 hortus,
696 1784 763 1840 et
803 1777 870 1840 in
925 1777 1107 1842 horto
1159 1795 1430 1861 specus,
1491 1778 1560 1840 in
1623 1795 1819 1861 quem
1876 1777 2324 1861 introgressus
2393 1780 2628 1864 positis
2678 1779 2755 1845 in

403 1888 643 1945 terram
684 1881 963 1966 genibus
1003 1884 1214 1947 oravit
1274 1879 1738 1967 procumbens,
1800 1899 2008 1965 seque
2074 1891 2493 1966 prosternens
2555 1882 2755 1948 lacri-

404 1988 622 2052 mabili
657 2006 826 2052 voce
868 1984 1134 2051 dicens:
1199 1987 1427 2070 Abba,
1483 1994 1687 2071 pater,
1725 1986 1942 2050 omnia
1996 1987 2115 2050 tibi
2130 2044 2145 2055 .
2169 1988 2513 2071 possibilia
2573 1998 2752 2074 sunt,

405 2093 687 2157 transfer
723 2093 993 2159 calicem
1034 2094 1208 2157 h'unc
1264 2111 1308 2156 a
1365 2110 1513 2174 me;
1575 2089 1696 2154 sed
1763 2109 1894 2156 non
1951 2090 2125 2176 quod
2188 2111 2314 2176 ego
2367 2091 2519 2156 volo
2537 2138 2559 2176 ,
2619 2091 2744 2157 sed

406 2196 579 2282 quod
610 2205 704 2267 tu.
784 2199 873 2261 nt
915 2198 1084 2261 trina
1131 2200 1287 2261 vice
1338 2197 1466 2260 hac
1522 2197 1819 2277 oratione
1874 2194 2047 2260 dicta
2099 2196 2319 2260 factus
2380 2197 2448 2259 in
2506 2197 2745 2280 agonia

405 2301 720 2386 prolixius
762 2304 1007 2385 orabat,
1049 2310 1118 2365 et
1159 2318 1317 2387 prae
1335 2319 1654 2383 moerore,
1701 2300 1967 2371 tristitia
2009 2310 2075 2364 et
2096 2301 2323 2366 timore
2363 2301 2748 2384 sanguinem

406 2406 701 2492 sudavit,
766 2407 872 2470 cui
921 2405 1198 2490 angelus
1260 2422 1584 2493 apparens
1623 2406 1974 2467 animabat
2030 2414 2113 2469 et·
2158 2404 2583 2470 confortabat.
2689 2403 2748 2468 0

403 2511 663 2577 Domini
704 2520 771 2575 et
817 2510 1053 2576 fratres
1098 2513 1226 2575 mei
1262 2509 1608 2594 peregrini,
1648 2508 1805 2594 quid
1848 2509 2163 2574 faciemus
2200 2513 2310 2576 hic
2331 2504 2381 2574 ‘3-
2414 2506 2753 2588 Quomodo

409 2615 854 2679 exhibebimus
920 2628 1044 2680 nos
1102 2617 1171 2680 in
1224 2617 1353 2682 hoc
1405 2623 1638 2679 sancto
1695 2623 1797 2677 et·
1828 2614 2096 2680 terribili
2165 2616 2308 2680 loco
2373 2613 2751 2678 Redemtori

408 2727 629 2784 nostro
656 2716 694 2783 2
738 2717 990 2799 Quibus
1029 2735 1274 2803 quaeso
1315 2719 1638 2803 gestibus,
1682 2720 1923 2804 quibus
1965 2720 2245 2783 motibus
2298 2727 2410 2782 aut
2462 2719 2750 2783 moribus

407 2825 732 2889 orabimus
754 2822 791 2891 ⁴3
877 2822 1094 2907 Certe,
1136 2843 1267 2889 non
1309 2825 1475 2909 aliis,
1518 2826 1649 2887 nisi
1687 2825 1922 2909 quibus
1957 2825 2101 2908 ipse
2143 2823 2273 2889 loci
2316 2823 2511 2907 hujus
2550 2841 2752 2888 sanc-

403 2930 681 2994 tificator
722 2933 888 3014 patri
929 2947 1007 2992 se
1045 2927 1319 2993 coelesti
1356 2929 1426 2992 in
1468 2946 1548 2993 eo
1590 2929 1899 2995 exhibuit.
1955 2928 2267 2993 Studiose
2328 2930 2501 2993 enim
2519 2929 2753 2993 Evan-

406 3035 582 3119 gelia
618 3034 860 3120 legenti
901 3042 1101 3119 patet,
1145 3031 1318 3119 quod
1359 3035 1426 3096 in
1464 3034 1592 3098 hac
1635 3034 1804 3097 trina
1843 3034 2130 3099 oratione
2172 3033 2480 3099 Christus
2540 3034 2752 3098 tribus

407 3137 786 3204 differentiis
826 3147 1130 3223 gestuum
1168 3155 1329 3203 usus
1370 3147 1492 3201 est.
1576 3137 1795 3202 Primo
1858 3140 2027 3203 enim
2068 3138 2345 3223 procidit
2395 3140 2465 3203 in
2517 3138 2752 3203 faciem

409 3250 546 3307 toto
588 3241 929 3329 (ulis)
973 3262 1248 3328 corpore
1286 3261 1363 3307 se
1403 3250 1847 3327 prosternens,
1912 3243 2268 3309 secundnm
2324 3245 2746 3309 Matthaeum.

405 3346 486 3429 2)
561 3348 848 3414 Procidit
886 3368 1083 3436 super
1126 3359 1364 3413 terram
1405 3346 1836 3430 procumbens
1885 3367 2093 3433 super
2146 3351 2405 3414 cubitos
2424 3394 2446 3433 ,
2503 3367 2751 3413 secun-

410 3448 562 3515 dum
615 3451 909 3518 Marcum
957 3455 1070 3539 3J:
1133 3454 1374 3519 Positis
1413 3454 1714 3537 genubus
1803 3452 2122 3535 prolixius
2180 3453 2409 3516 orabat
2429 3497 2451 3535 ,
2505 3471 2752 3516 secun-

408 3554 556 3620 dnm
579 3557 847 3641 Lucam,
870 3568 937 3622 et
975 3562 1047 3641 4)
1091 3559 1328 3642 stabat,
1363 3559 1680 3623 reiterans
1705 3558 1879 3620 illam
1901 3555 2336 3621 dulcissimam
2369 3558 2746 3639 orationem,

408 3662 666 3746 quando
708 3662 982 3728 elevatis
1023 3666 1093 3727 in
1136 3664 1384 3739 coelum
1428 3661 1636 3726 oculis
1686 3662 1880 3725 dixit:
1923 3662 2120 3724 Pater
2158 3662 2344 3723 venit
2383 3661 2565 3742 hora,
2607 3660 2750 3724 cla-

379 3766 590 3845 ¹rillcn
629 3766 832 3833 filium
874 3769 1246 3854 tuum,Joh.
1294 3766 1417 3849 12,
1459 3785 1652 3852 qnam
1697 3765 1976 3849 quidam
2020 3763 2244 3829 dicunt
2316 3783 2470 3830 esse
2511 3765 2748 3829 factam

407 3872 476 3938 in
519 3872 705 3938 horte
746 3891 962 3939 coram
1008 3876 1304 3941 omnibus
1347 3871 1685 3956 discipulis
1728 3873 1794 3933 in
1843 3869 1990 3933 fine.
2092 3872 2248 3933 Istis
2305 3889 2463 3956 ergo
2541 3870 2749 3935 modis

407 3978 734 4061 peregrini
772 3979 878 4043 usi
917 3982 988 4045 in
1027 3980 1154 4045 hoc
1194 3980 1606 4045 sanctissimo
1652 3977 1795 4041 loco
1824 3974 2065 4040 diutius
2108 3977 2402 4061 orabant,
2436 3987 2502 4041 et
2538 3979 2751 4042 abuu-

410 4079 669 4147 dantius
731 4084 1004 4170 flebant3
1064 4086 1225 4151 miro
1283 4084 1459 4151 enim
1500 4081 1689 4148 modo
1753 4081 1936 4145 locus
2004 4080 2115 4144 ille
2156 4083 2592 4146 concitativus
2647 4090 2750 4145 est

412 4184 495 4248 ad
534 4174 900 4254 devotionis
944 4190 1291 4275 lacrymas,
1333 4187 1595 4252 videtur
1651 4187 1822 4251 enim
1855 4183 1937 4247 de
1981 4185 2154 4249 facto
2197 4205 2283 4252 ex
2304 4206 2383 4252 eo
2427 4189 2749 4269 respirare

414 4289 727 4372 quaedam
769 4294 1078 4360 inusitata
1117 4292 1410 4377 dulcedo,
1435 4311 1603 4378 quae
1643 4301 1950 4375 percepta
1999 4311 2154 4359 mox
2172 4294 2391 4357 omnia
2430 4290 2747 4377 quodam-

415 4392 605 4459 modo
645 4395 946 4480 liquescit
1007 4408 1076 4463 et
1131 4418 1245 4465 cor
1306 4398 1680 4464 emollescit.
1726 4397 1871 4461 Nec
1912 4397 2161 4467 misum.
2249 4396 2524 4461 Constat
2574 4393 2742 4461 enim
