3242 5259
1735 322 1869 387 48⁰

620 508 689 565 et
730 496 1170 583 complicatas.
1255 496 1446 578 Quos
1495 510 1565 565 ut
1609 501 1817 564 nostri
1860 499 2165 568 ductores
2206 500 2539 586 viderunt,
2583 525 2717 569 rem
2764 506 3011 570 intel-

618 607 929 689 ligebant,
957 613 1025 668 et
1066 620 1189 667 nos
1225 621 1375 669 cum
1417 604 1805 669 clamoribus
1833 613 1901 670 et
1936 606 2130 671 minis
2160 613 2427 690 repente
2468 605 2552 670 de
2589 608 2703 671 via
2746 607 3013 690 repel-

619 710 835 773 lebant
846 754 869 791 ,
933 725 1018 771 ne
1061 706 1449 793 plangentes
1490 718 1555 773 et
1596 728 1718 774 nos
1758 711 1829 774 in
1870 728 2067 774 unum
2112 712 2468 775 convenire
2510 711 3001 795 contingeret3

619 831 877 881 eramus
918 814 1089 877 enim
1130 814 1376 899 sig-usti
1416 816 1635 878 crucis
1686 816 1912 899 signo,
1957 823 2023 879 et
2077 816 2137 879 si
2181 833 2304 880 nos
2345 833 2492 879 cum
2537 816 2848 880 crucibus
2901 815 2999 883 ad

619 936 737 983 eos
789 918 1239 1003 ven‘nsemus,
1303 917 1601 984 diabolus
1657 921 2062 985 intolerabile
2119 919 2503 984 disturbium
2544 923 2991 1006 concitasset,

617 1023 767 1088 sine
806 1021 1001 1087 dublo
1041 1024 1215 1088 enim
1259 1033 1485 1089 contra
1525 1043 1651 1091 nos
1692 1026 2239 1107 insurrexissent,
2278 1033 2348 1093 et
2388 1023 2709 1108 lapidibus
2751 1044 2890 1089 nos
2940 1045 2990 1090 ι

618 1145 697 1193 se
739 1127 1134 1215 repulissent
1176 1128 1260 1192 ad
1290 1128 1825 1211 complacendum
1866 1130 2229 1195 defunctae.
2274 1131 2517 1197 Putant
2560 1130 2753 1213 enim,
2791 1131 2984 1214 quod

621 1233 856 1299 mortui
896 1252 1117 1298 eorum
1168 1235 1304 1298 sint
1346 1235 1538 1298 nobis
1595 1235 1876 1298 maxime
1938 1234 2219 1319 inimici,
2271 1243 2338 1297 et
2393 1233 2569 1318 quod
2611 1235 2981 1301 ambulatio

619 1346 847 1403 nostra
882 1358 1001 1423 per
1041 1348 1276 1403 terram
1317 1347 1614 1403 sanctam
1646 1341 1736 1404 sit
1777 1340 1877 1404 eis
1917 1340 1985 1403 in
2020 1341 2149 1427 slis
2175 1340 2313 1404 vita
2354 1338 2669 1422 poenalis.
2712 1341 2978 1404 Liben-

620 1451 724 1507 ter
764 1444 934 1507 enim
978 1446 1376 1508 sustinerent
1416 1461 1539 1508 nos
1581 1460 1805 1509 secum
1849 1445 2266 1528 commorari,
2328 1443 2450 1507 sed
2492 1444 2748 1528 dicunt,
2792 1443 2978 1529 quod

622 1567 846 1614 eorum
886 1546 1175 1613 defuncti
1234 1568 1368 1615 non
1411 1551 1667 1634 possint
1709 1566 1829 1613 uos
1878 1550 2037 1632 pati.
2123 1551 2348 1633 Itaque
2391 1550 2677 1631 ingressi
2733 1567 2974 1613 sumus

624 1654 698 1718 in
737 1653 1107 1719 Jerusalem
1143 1653 1229 1719 sd
1270 1653 1772 1741 quiescendum,
1812 1663 1881 1720 ut
1922 1653 2057 1720 dixi
2094 1654 2205 1719 fol.
2258 1651 2397 1718 1⁷6.
2440 1652 2519 1718 B.
