3242 5259
1363 347 1496 416 ⁸1¹7

2340 442 2385 479 t

307 536 430 612 ne
475 506 766 637 capena
835 539 1248 609 sanatorum
1296 468 1754 633 Angelorum
1774 580 1798 624 ,
1849 494 1937 607 ω’.-
1968 552 2193 632 quare
2245 476 2345 609 sit
2390 531 2541 609 ibi?
2622 548 2647 573 ·

429 718 644 782 Dictis
704 715 1106 783 orationibus
1158 717 1228 777 in
1295 715 1441 779 loco
1506 713 1834 801 praefato,
1906 714 1975 777 in
2029 714 2223 778 aliam
2287 715 2603 798 capellam

262 825 700 905 transivimuS,
743 839 912 904 quae
948 829 1331 891 consecrata
1370 826 1476 884 est
1513 821 1581 883 iu
1626 819 1939 885 honorem
1974 826 2348 885 sanctorum
2371 821 2606 903 Ange-

264 931 489 996 lorum.
572 930 763 990 Hanc
814 925 1159 997 Jacobitae
1213 924 1608 1009 inofficiant,
1668 933 1742 986 et
1781 926 1851 987 in
1903 941 1985 987 ea
2022 927 2328 1009 prostrati
2382 926 2602 990 indul-

223 1038 525 1119 ·gentias
585 1030 957 1114 accepimus
1000 1028 1141 1111 st).
1230 1024 1376 1105 Quo
1419 1025 1596 1090 facto
1655 1030 2043 1095 contulimus
2103 1032 2333 1111 simul,
2399 1050 2600 1115 quare

259 1148 630 1205 sanctorum
685 1135 1064 1219 angelorum
1127 1132 1382 1216 capella
1440 1140 1620 1195 esset
1677 1134 1831 1198 huic
1881 1136 2297 1201 sanctissimo
2360 1137 2599 1220 templo

262 1243 585 1328 adjuncta.
667 1242 756 1305 Et
798 1256 1183 1324 responsum
1229 1237 1627 1323 accepimus,
1669 1238 1842 1323 quod
1882 1250 2145 1325 propter
2186 1240 2599 1307 effectualem

261 1350 437 1417 illius
480 1348 803 1411 ecclcsiae
841 1344 1237 1427 custodiam,
1295 1359 1486 1425 quam
1545 1343 1767 1425 angeli
1806 1345 2081 1430 habent,
2144 1347 2234 1411 sit
2272 1349 2438 1412 haec
2479 1367 2600 1412 ca-

261 1456 436 1541 pella
495 1452 858 1522 aedificata.
954 1451 1032 1514 Si
1095 1450 1266 1513 enim
1328 1445 1402 1510 S.
1471 1447 1691 1530 angeli
1749 1467 1879 1512 non
1926 1454 1997 1514 iu
2052 1452 2368 1535 singulari
2430 1454 2599 1518 hanc

261 1561 663 1626 custodirent
695 1574 955 1640 semper
989 1554 1338 1623 ecclesiam
1370 1561 1437 1614 et
1480 1552 1867 1618 dominicum
1886 1542 2325 1641 sepulchrum,
2360 1558 2599 1627 dudum
2654 1632 2667 1641 ,

260 1685 382 1750 per
443 1663 736 1729 infideles
800 1661 1092 1726 funditus
1162 1658 1488 1721 eliminata
1550 1667 1754 1730 esset.
1851 1660 2191 1746 Peregrini
2262 1666 2459 1729 etiam
2516 1664 2600 1729 de

262 1769 709 1837 transmarinis
777 1767 1067 1849 partibus
1153 1764 1236 1829 ad
1305 1762 1719 1845 scpukzhrum
1793 1764 2183 1833 dominicum
2257 1769 2611 1835 venientu

259 1875 461 1943 multa
495 1873 866 1938 discrimina
907 1880 972 1934 et
1015 1870 1238 1933 mortis
1279 1869 1567 1954 pericula
1604 1869 1912 1956 evadunt,
1954 1875 2183 1939 muniti
2220 1874 2601 1959 angelorum

260 1979 580 2062 custodia,
621 1978 858 2062 quibus
893 1978 963 2038 in
1003 1976 1129 2039 hac
1171 1974 1423 2059 capella
1454 1982 1678 2057 grates
1702 1975 2009 2062 referunt,
2054 1987 2123 2042 et
2162 1988 2411 2063 petunt,
2453 1998 2603 2045 cum

260 2087 691 2172 prosperitate
731 2081 954 2147 reduci
997 2080 1081 2147 ad
1121 2081 1380 2164 propria
1421 2081 1544 2143 sub
1588 2079 1816 2146 eadem
1860 2083 2161 2166 angelica
2201 2085 2515 2151 custodia.

690 2330 810 2406 De
857 2329 1148 2431 capella
1189 2326 1275 2408 S.
1327 2328 1694 2406 Johannis
1737 2330 2144 2431 Baptistae.

423 2516 531 2581 Ab
586 2515 717 2579 ista
780 2512 1036 2597 capella
1087 2514 1511 2577 transivimus
1578 2523 2055 2598 consequenter
2107 2516 2191 2580 ad
2243 2517 2433 2581 aliam
2456 2562 2477 2600 ,
2528 2517 2598 2583 in

258 2625 569 2689 honorem
613 2619 688 2688 S.
729 2619 1053 2685 Johaunis
1095 2618 1436 2701 Baptistae
1479 2627 1964 2703 consecratam,
2006 2639 2199 2705 quam
2240 2622 2601 2687 inhabitant

260 2727 592 2812 Georgici.
676 2727 753 2788 ln
818 2743 1008 2808 quam
1064 2741 1214 2787 cum
1253 2725 1689 2807 venissemus,
1734 2725 2129 2807 procidimus
2172 2738 2468 2811 orantes,
2533 2738 2602 2792 et

258 2831 700 2916 indulgentias
737 2832 1126 2914 accepimus.
1150 2831 1270 2913 (†)
1324 2828 1540 2893 Valde
1603 2830 1982 2893 rationabile
2022 2816 2158 2915 est,
2203 2832 2374 2916 quod
2402 2832 2603 2915 majm·
2706 2868 2721 2879 -

259 2940 427 3004 inter
467 2944 658 3000 natos
698 2935 1034 3001 mulierum
1084 2936 1301 3000 locum
1354 2934 1593 2999 habeat
1636 2943 1702 2997 et
1761 2937 2111 3001 oratorium
2146 2936 2341 3019 juxta
2382 2937 2601 3001 eccle-

257 3046 425 3109 siam
462 3041 768 3126 majorem
798 3043 967 3105 inter
999 3059 1226 3105 omnes
1270 3039 1612 3122 ecclesias,
1657 3049 1725 3103 et
1756 3041 1949 3105 etiam
1993 3042 2162 3125 ideo,
2206 3043 2360 3127 quia
2400 3060 2602 3107 sanc-

259 3150 553 3213 tissimus
615 3148 952 3232 Baptista,
1041 3144 1375 3211 Christum
1450 3144 1655 3229 digito
1742 3144 2234 3231 demonstrans,
2320 3148 2599 3213 dixerat}

256 3272 450 3339 ecce,
493 3271 704 3337 agnus
761 3253 922 3336 Dei,
963 3253 1076 3337 qui
1111 3250 1276 3315 tollit
1324 3260 1600 3334 peccata
1642 3250 1901 3336 mundi3
1961 3253 2134 3336 quod
2180 3255 2250 3315 ln
2289 3253 2416 3317 hoc
2458 3251 2603 3319 loce
2716 3320 2725 3329 ,

258 3367 522 3425 constat
563 3357 710 3441 (B)
753 3374 932 3423 θεοῦ
969 3355 1402 3439 completum,
1455 3357 1526 3419 in
1569 3372 1702 3439 quo
1759 3355 2150 3421 sacrificium
2209 3377 2325 3440 pro
2368 3376 2604 3422 recon-

259 3465 587 3533 ciliatione
628 3464 829 3527 totius
874 3460 1098 3525 mundi
1151 3478 1229 3523 se
1270 3460 1521 3524 obtulit.
1609 3462 1886 3544 Insuper
1943 3460 2091 3525 ideo
2149 3462 2239 3525 ibi
2282 3463 2601 3545 capellam

256 3570 559 3654 Baptista
592 3569 824 3650 habet,
867 3575 938 3629 ut
973 3567 1102 3649 ipsi
1141 3562 1382 3647 templo
1425 3563 1774 3630 Sarraceni
1816 3568 2035 3649 magis
2097 3576 2404 3651 parcant,
2446 3568 2602 3650 quia

261 3688 502 3759 mgno
540 3675 786 3739 honore
825 3678 1224 3737 venerantur
1254 3666 1500 3735 Christi
1545 3671 1931 3752 Baptistam.

346 3922 474 4000 De
519 3921 809 4025 capella
880 3920 968 4001 S.
1017 3920 1303 4000 Mariae
1363 3917 1857 4019 Magdalenae
1900 3917 1971 3993 in
2025 3918 2211 3996 atrio
2262 3918 2532 4021 templi.

424 4127 721 4193 Ulterius
754 4125 1186 4210 procedentes
1225 4126 1297 4190 in
1338 4124 1529 4189 aliam
1581 4120 1899 4208 capellam
1953 4121 2027 4188 S.
2090 4123 2341 4188 Mariae
2402 4124 2604 4207 Mag-

261 4231 532 4297 dalenae
569 4234 875 4298 venimus
923 4235 998 4295 in
1035 4229 1304 4296 sinistro
1345 4229 1572 4313 latere,
1610 4228 1800 4312 juxta
1862 4232 2083 4294 turrim
2126 4246 2598 4313 campanarum.

254 4336 415 4402 Fun
484 4338 718 4402 autem'
788 4337 956 4402 olim'
1018 4335 1303 4402 ecclesia
1367 4350 1641 4417 magna,
1698 4350 1846 4399 cum
1926 4350 2182 4400 annexo
2269 4342 2602 4398 monaste-

256 4441 358 4507 rio
424 4442 832 4528 monialium,
905 4440 1028 4507 sed
1091 4442 1224 4509 iam
1292 4437 1499 4523 maior
1545 4456 1703 4523 pars
1775 4449 1878 4506 est
1944 4439 2291 4506 destructa.
2409 4436 2600 4499 Hanc
