3242 5259
1756 301 1886 374 348

656 494 741 559 de
780 495 886 557 hle
928 499 1225 574 tangam,
1287 487 1408 551 sed
1450 495 1719 564 tantum⁴
1742 507 1911 574 quae
1953 487 2099 554 loca
2140 485 2366 571 templi
2407 487 2984 575 sanwioccupent

653 593 888 684 genos
928 595 1112 679 illae,
1147 592 1417 658 brevius
1457 592 1707 660 dicam.-

1367 843 1488 920 De
1536 779 1827 920 [latinis
1877 839 2282 918 catholicis.

831 1024 1049 1089 lamini
1063 1017 1427 1116 phristiani
1468 1022 1659 1105 primi
1705 1032 1771 1085 et
1811 1021 1954 1085 veri
1998 1022 2325 1104 catholici,
2369 1023 2483 1107 qui
2527 1041 2568 1087 a
2603 999 3011 1090 sarracenis

654 1133 1066 1196 nominantur
1105 1128 1363 1209 Franci,
1407 1126 1534 1189 hoc
1577 1126 1887 1210 templum
1929 1127 2312 1210 inhabitant,
2350 1136 2417 1191 et
2455 1138 2610 1192 sunt
2653 1131 2988 1210 orthodoxi

655 1235 817 1319 ilde,
890 1234 1111 1299 devoti
1163 1231 1606 1316 professores,
1650 1233 1779 1295 viri
1838 1230 2157 1316 religiosi,
2225 1233 2458 1296 fratres
2519 1237 2837 1319 minores,
2881 1237 2988 1319 qui

658 1340 1074 1406 Conventum
1115 1337 1382 1419 habent,
1429 1345 1500 1399 ut
1543 1336 1784 1399 dictum
1810 1344 1966 1419 ,est,
2019 1337 2088 1399 in
2124 1345 2352 1400 monte
2391 1335 2608 1422 Syon,
2652 1335 2989 1404 multor‘um

657 1448 946 1527 fratrum,
968 1440 1182 1525 (184
1203 1440 1331 1524 A),
1383 1440 1641 1503 XXIIII
1691 1440 1962 1524 scilicet,
2005 1437 2364 1526 vivuntque
2408 1443 2524 1506 rub
2568 1443 2855 1530 regulari
2894 1451 2989 1507 sui

658 1547 920 1614 Ordinis
961 1548 1406 1634 institutione,
1466 1545 1548 1608 de
1585 1545 2025 1628 eleemosynis
2067 1544 2445 1610 devotorum
2509 1549 2990 1631 peregrinorum

657 1655 813 1720 illuc
883 1675 974 1718 ex
1010 1654 1201 1718 terris
1246 1649 1760 1718 Christianorum
1806 1650 2238 1733 venientium,
2284 1661 2350 1714 et
2392 1652 2663 1716 aliorum
2704 1671 2988 1735 quorun-

658 1759 809 1824 dam
861 1759 1222 1841 principum
1263 1753 1584 1838 fidelium,
1651 1753 1763 1837 qui
1804 1771 2139 1817 sacrorum
2185 1755 2470 1822 locorum
2544 1739 2890 1819 deirotione
2930 1765 2989 1819 et

656 1865 899 1947 pietate
958 1860 1311 1925 christiana
1373 1861 1528 1922 moti
1569 1845 1858 1920 ‘annuas
1926 1876 2086 1922 suas
2129 1859 2257 1923 illis
2314 1862 2754 1925 transmittere
2817 1864 2989 1924 elee-

659 1969 973 2048 mosynas
1018 1982 1148 2028 nou
1169 1947 1570 2047 'negligunt
1657 1962 1829 2024 Nam
1884 1963 2094 2027 felicis
2155 1963 2615 2029 recordationis
2673 1968 2987 2050 quondam

647 2070 796 2148 ‚dux
873 2065 1289 2152 Burgundiae
1374 2066 1716 2150 Philippus
1785 2085 1989 2131 censu
2067 2086 2281 2133 annuo
2359 2067 2534 2132 mille
2616 2069 2987 2134 ducatorum

662 2155 994 2255 subsidio,
1051 2172 1200 2239 dum
1244 2172 1444 2256 vixit,
1507 2191 1624 2256 pro
1668 2190 1789 2235 sua
1846 2172 2059 2236 salute
2116 2174 2200 2237 ad
2255 2173 2402 2238 loca
2441 2183 2671 2237 sancta
2726 2173 3007 2238 contulit·

665 2279 1016 2372 devotione
1105 2294 1187 2339 ac
1261 2277 1534 2340 fratrum
1604 2276 1749 2341 Deo
1816 2278 1906 2341 ibi
1985 2279 2405 2341 servientium
2498 2280 2986 2343 sustentatione.

670 2383 862 2461 Quod
905 2391 972 2448 et
1014 2381 1186 2445 filius
1231 2379 1376 2464 ejus
1419 2379 1718 2464 Carolus,
1763 2381 1912 2445 dum
1949 2382 2072 2445 fuit
2106 2384 2175 2445 in
2217 2382 2537 2469 humanis,
2582 2384 2776 2446 etiam
2826 2384 2984 2447 fecit.

666 2487 804 2551 Sed
847 2497 912 2551 et
980 2503 1325 2549 successor
1386 2484 1529 2568 ejus
1594 2485 1976 2570 modernus,
2037 2486 2354 2550 Dominus
2411 2486 2892 2554 illustrissimus
2930 2496 2989 2550 et

662 2591 1084 2675 victoriosus,
1150 2589 1284 2655 dux
1322 2590 1631 2654 Austriae
1671 2599 1742 2654 et
1781 2591 2198 2675 Burgundiae
2249 2591 2768 2675 Maximilianus,
2830 2607 2991 2655 nunc

667 2703 964 2790 recenter
981 2717 1116 2772 ‚rex
1155 2695 1667 2781 gloriosissimus
1708 2697 2145 2760 Romanorum
2214 2705 2502 2781 creatus,
2568 2698 2782 2780 ipsum
2831 2696 2989 2759 idem

666 2813 928 2862 suorum
967 2800 1252 2863 imitatur
1294 2801 1658 2885 exemplum
1704 2801 2278 2885 praedecessorum
2298 2803 2389 2863 ‚in
2432 2799 2672 2865 ducatu
2689 2800 2790 2864 Bu
2802 2819 2992 2885 rgun-

666 2901 847 2986 diae,
892 2906 1338 2968 transmittens
1377 2906 1687 2970 fratribus
1729 2916 2045 2971 consueta
2091 2903 2404 2970 subsidia.
2489 2905 2596 2969 De
2626 2905 2731 2969 his
2774 2905 2989 2968 fratri-

664 3009 792 3074 bus
837 3016 904 3070 et
965 3028 1185 3073 eorum
1244 3012 1589 3074 conventu
1648 3013 1798 3077 vide
1856 3013 1924 3073 in
1964 3011 2341 3074 visitatione
2405 3010 2691 3076 locorum
2760 3008 2988 3073 montis

665 3110 852 3194 Syon
891 3113 1059 3178 inter
1101 3116 1736 3198 septa-monasterii,
1801 3117 1921 3179 suh
1974 3115 2079 3179 die
2120 3116 2299 3184 xm.
2356 3114 2551 3197 hujus
2612 3115 2891 3197 mensis,
2931 3121 2991 3174 et

664 3216 1084 3298 singulariter
1126 3218 1235 3281 fol.
1279 3219 1384 3281 96.
1431 3223 1507 3281 Β.
1553 3229 1619 3284 et
1660 3221 1769 3283 fol.
1818 3222 1960 3286 108.
2003 3222 2076 3284 B.

832 3320 926 3384 Hi
985 3320 1221 3386 fratres
1283 3322 1423 3387 loco
1476 3323 1850 3390 Latinorum
1905 3327 2188 3391 omnium
2236 3334 2483 3408 ponunt
2540 3324 2624 3390 ad
2665 3326 2988 3390 minimum

665 3430 805 3490 tres
847 3424 930 3487 de
969 3425 1109 3489 suis
1151 3427 1219 3490 in
1261 3426 1609 3492 ecclesiam
1650 3432 1865 3495 sancti
1920 3430 2284 3518 sepulchri,
2328 3430 2725 3493 sanctIssimi
2768 3447 2992 3495 monu-

663 3531 866 3606 mnti
908 3531 1234 3615 custodes,
1278 3533 1390 3617 qui
1429 3531 1540 3595 die
1582 3552 1663 3598 ac
1719 3544 1910 3599 nocte
1956 3536 2049 3599 ibi
2088 3544 2352 3599 manent
2402 3543 2469 3598 et
2511 3544 2714 3599 totum
2761 3550 2990 3618 corpus

664 3634 985 3700 ecclesiae
1048 3655 1349 3702 romanae
1413 3647 1480 3701 et
1533 3638 1774 3703 latinae
1830 3647 2335 3723 ‘repraesentant
2350 3686 2371 3724 ,
2441 3641 2673 3722 quibus
2762 3640 2991 3704 fratres

664 3740 898 3803 montis
942 3741 1126 3824 Syon
1168 3743 1543 3807 necessaria
1598 3762 1715 3826 per
1758 3744 2074 3810 foramina
2117 3753 2343 3828 portae
2402 3745 2725 3810 ecclesiae
2782 3743 2988 3827 porri-

660 3850 840 3925 gunt.
924 3846 1190 3912 Habent
1231 3857 1446 3912 autem
1488 3848 1555 3910 in
1595 3850 1739 3931 ipso
1796 3849 2032 3933 temple
2075 3850 2414 3933 potissima
2463 3854 2537 3910 et
2577 3851 2993 3913 sanctissima

660 3947 823 4012 loca.
907 3947 1083 4013 Nam
1135 3950 1363 4015 claves
1406 3951 1766 4016 dulcissimi
1808 3953 2070 4018 Domini
2110 3955 2278 4018 Jesu
2353 3953 2682 4037 sepulchri
2727 3963 2796 4018 et
2837 3971 2991 4038 spe-

660 4051 892 4116 luncae
930 4053 1057 4135 ipsi
1099 4054 1361 4139 habent,
1392 4058 1737 4142 ipsumque
1776 4059 2071 4142 aperiunt
2114 4070 2181 4123 et
2220 4058 2549 4141 elaudunt,
2591 4060 2700 4123 cui
2744 4058 2988 4141 volunt,

655 4164 725 4218 et
763 4157 834 4220 in
874 4174 954 4220 eo
991 4157 1245 4223 Missas
1277 4161 1644 4246 celebrant,
1690 4162 1946 4248 quando
1990 4162 2225 4247 placet.
2286 4165 2437 4229 Nec
2482 4164 2725 4228 audent
2769 4179 2993 4232 saeer-

656 4260 854 4328 dotes
895 4261 1175 4325 *aliarum
1238 4276 1578 4344 sectarum,
1601 4270 1670 4331 in
1733 4287 1812 4334 eo
1876 4269 2245 4353 celebrare,
2280 4270 2407 4334 nisi
2463 4269 2545 4334 de
2618 4270 2992 4333 Latinorum

656 4383 971 4452 expressa
1026 4369 1445 4455 requisitione
1509 4382 1575 4437 et
1641 4374 1921 4439 licentia.
2007 4373 2304 4454 Qualiter
2361 4383 2575 4438 amem
2638 4371 2810 4438 haec
2868 4384 2992 4437 tam
