3242 5259
1477 329 1608 397 44⁸7

359 520 678 598 praesepe
701 511 1074 578 modernum
1099 518 1374 595 quatuor
1407 512 1662 595 palmas
1703 513 1769 574 in
1806 509 2086 595 longum,
2130 522 2195 576 et
2223 520 2356 578 tres
2380 516 2451 579 in
2475 514 2693 600 latum,

355 618 552 701 paulo
596 618 827 681 minus.
913 617 1114 681 Porro
1157 616 1374 680 tabula
1415 615 1621 699 polita
1662 626 2040 701 marmorea,
2082 635 2250 700 quae
2280 636 2363 683 ex
2396 623 2696 704 oppodto

357 730 497 785 stat
539 722 670 802 illi,
727 738 903 806 quae
959 708 1114 783 ante
1165 738 1484 804 praesepe
1544 720 1825 807 genibus
1879 722 2066 786 flexis
2104 729 2273 804 stat,
2337 731 2441 787 est
2496 724 2693 789 valde

351 822 678 890 subtiliter
718 827 958 911 polita,
995 827 1172 889 stent
1211 824 1575 909 speculum,
1620 834 1685 889 et
1712 826 1971 910 insigne
2010 826 2139 889 hoe
2158 842 2245 889 ex
2277 845 2357 889 ea
2385 828 2687 895 resultat:

353 930 699 1015 diligenter
736 932 908 997 enim
933 984 944 993 .
968 939 1035 992 et
1071 933 1339 995 curiose
1382 932 1679 1012 inspecta
1733 931 2008 999 resultat
2056 932 2268 1014 imago
2311 931 2491 993 senis
2527 931 2684 996 bar—

354 1037 508 1117 bati,
549 1038 618 1098 ln
652 1034 844 1098 dorso
867 1034 1147 1116 jacentis
1180 1048 1379 1116 super
1414 1041 1705 1118 mattam,
1723 1035 1790 1099 in
1819 1035 2041 1097 lrabitu
2060 1034 2358 1098 monachi
2381 1034 2687 1118 defuncti,

351 1148 420 1202 et
453 1139 644 1222 juxta
685 1157 831 1201 eum
895 1139 1104 1203 leonis
1160 1137 1436 1221 effigies.
1529 1134 1616 1200 Et
1668 1134 1837 1202 haec
1897 1140 2112 1221 imago
2168 1154 2296 1201 uon
2354 1147 2457 1200 est
2514 1138 2688 1202 facta

349 1252 494 1309 arte
533 1243 644 1306 vel
685 1241 1023 1327 industria,
1064 1243 1185 1306 sed
1229 1263 1315 1307 ex
1353 1242 1499 1325 ipsa
1538 1242 1853 1325 politione
1894 1241 1979 1306 de
2019 1260 2116 1328 se,
2158 1244 2303 1306 siue
2326 1243 2686 1307 intentione

348 1349 652 1430 polientis
691 1357 794 1411 est
834 1346 1133 1431 inducta3
1188 1348 1358 1411 sicut
1401 1362 1606 1430 saepe
1646 1346 1948 1411 videmus
2010 1348 2081 1410 in
2146 1350 2390 1410 mensis
2446 1347 2685 1429 ligneis

349 1452 616 1519 nodosis
625 1499 650 1537 ,
690 1453 1075 1535 laevigatis,
1121 1452 1520 1533 contingere,
1562 1453 1630 1515 in
1689 1453 1924 1533 quibus
1990 1468 2471 1534 nonnumquam
2534 1460 2683 1533 post

345 1557 840 1641 laevigationem
877 1564 941 1620 et
977 1556 1346 1638 politionem
1384 1563 1695 1637 apparent
1721 1555 2123 1621 diversarum
2162 1574 2371 1618 rerum
2406 1553 2681 1639 effigies,

347 1662 492 1725 sine
533 1662 891 1727 intentione
933 1658 1199 1722 artificis
1239 1657 1561 1722 inductae.
1648 1656 1767 1721 Sic
1822 1669 1888 1722 et
1929 1659 2018 1723 ibi
2063 1662 2354 1742 contigit.
2438 1660 2683 1724 Dicmtt

346 1773 584 1849 tamen,
611 1766 765 1849 ‘hoc
819 1781 970 1827 esse
1030 1762 1270 1827 factum
1327 1781 1416 1827 ex
1470 1763 1829 1835 intentione
1887 1762 2109 1827 divina
2144 1764 2230 1827 ob
2268 1768 2679 1848 praecipuam

346 1871 758 1941 sanctitatem
818 1868 1096 1952 gloriosi
1127 1866 1488 1950 Jerouymi.
1593 1868 1782 1933 Haec
1822 1870 2039 1951 imago
2079 1886 2215 1939 non
2275 1868 2536 1933 videtur
2600 1873 2677 1931 ab

346 1974 680 2056 omnibus,
722 1973 842 2036 sed
883 1972 1091 2036 solum
1135 1972 1215 2035 ab
1259 1972 1395 2055 lus,
1439 1972 1676 2055 quibus
1716 1970 2117 2054 ostenditur,
2162 1982 2231 2036 et
2271 1974 2380 2054 qui
2422 1973 2674 2056 sciunt,

346 2079 458 2160 qui
497 2097 655 2142 vero
713 2080 948 2160 nescit,
1012 2094 1334 2159 nunquam
1399 2078 1657 2159 poterit
1697 2093 1839 2141 eam
1907 2075 2151 2141 videre.
2238 2074 2463 2169 Unde,
2527 2078 2680 2141 dum

341 2181 548 2263 primo
591 2180 746 2245 mihi
788 2180 1290 2283 ostendebatur,
1331 2182 1681 2263 putabam,
1748 2178 1920 2261 quod
1966 2179 2163 2241 frater
2200 2179 2331 2264 ille,
2373 2183 2485 2264 qui
2524 2183 2680 2249 mihi

348 2282 768 2368 ostendebat,
823 2284 978 2368 ⁸ioco
999 2277 1271 2350 ‘diceret
1290 2331 1314 2370 ,
1380 2303 1458 2349 se
1517 2281 1745 2346 videro
1804 2284 1869 2345 in
1927 2282 2144 2365 lapide
2196 2283 2297 2347 St.
2342 2281 2680 2371 Jeronymi

346 2388 730 2471 imaginem,
800 2408 926 2453 nec
971 2384 1165 2473 potui
1221 2408 1340 2473 per
1411 2406 1516 2449 me
1593 2389 1809 2469 ipsum
1865 2386 2123 2470 videre,
2198 2388 2403 2451 donec
2476 2390 2679 2452 frater

348 2490 551 2574 digito
595 2491 880 2557 ostendit
916 2495 1072 2558 mibi
1115 2494 1464 2557 linementa
1507 2491 1779 2574 lapidis,
1836 2499 1901 2553 et
1939 2499 2094 2555 tunc
2132 2493 2481 2557 manifeste
2516 2491 2677 2575 vidi,

347 2613 427 2657 ac
486 2596 546 2657 si
610 2595 843 2660 fuisset
905 2598 1232 2661 subtiliter
1292 2596 1565 2679 depicta.
1672 2595 1944 2679 Legitur
1998 2596 2067 2661 in
2131 2596 2409 2679 epistola
2447 2595 2678 2680 Cyrilli

342 2698 427 2762 ad
472 2698 907 2782 Augustinum
948 2703 1031 2771 de
1073 2701 1401 2765 miraculis
1443 2700 1616 2764 beati
1658 2699 2023 2784 Jeronymi,
2077 2700 2251 2785 quod
2291 2703 2361 2765 in
2394 2701 2678 2767 ecclesia

343 2802 533 2886 Syon
591 2805 876 2889 antiquis
919 2804 1315 2890 temporibus
1355 2814 1498 2868 erat
1554 2803 1873 2887 quaedam
1912 2804 1986 2868 S.
2029 2805 2077 2868 J
2081 2823 2370 2889 eronym
2422 2802 2677 2888 sculpta

341 2909 580 2995 imago,
623 2925 793 2993 quae
830 2911 1130 2975 maximis
1172 2909 1403 2974 claruit
1442 2908 1789 2977 miraculis.

336 3153 461 3229 De
522 3153 725 3248 loco,
785 3154 904 3231 ubi
971 3144 1169 3231 sedit
1239 3156 1453 3233 beata
1514 3155 1755 3255 Virgo
1819 3180 1980 3233 cum
2046 3182 2275 3260 puero
2295 3212 2317 3252 ,
2386 3156 2669 3258 quando

655 3286 1013 3351 venerunt
1055 3285 1210 3352 tres
1253 3277 1459 3377 Magi
1511 3298 1671 3351 cum
1719 3277 1874 3352 suis
1922 3278 2354 3355 muneribus,

507 3450 861 3536 Perspecto
921 3459 1266 3541 praesepio
1326 3474 1518 3521 sacro
1571 3461 2015 3523 convertimus
2081 3478 2205 3524 nos
2245 3478 2288 3524 a
2326 3460 2670 3543 praesepto

329 3554 426 3620 ad
490 3554 737 3640 altare,
797 3560 970 3641 quod
1031 3571 1189 3625 ante
1255 3563 1470 3645 ipsum
1534 3570 1666 3626 stat
1714 3564 1783 3624 in
1848 3563 2159 3627 distantia
2228 3564 2495 3627 duorum
2558 3562 2669 3626 vel

327 3658 527 3723 trium
571 3676 915 3746 passuum,
987 3672 1054 3727 et
1094 3665 1187 3727 ibi
1222 3674 1325 3728 est
1368 3666 1599 3751 locus,
1656 3666 1767 3729 ubi
1823 3666 1996 3731 sedit
2049 3668 2427 3733 beatissima
2461 3666 2667 3751 Virgo

328 3764 567 3848 Maria,
612 3765 861 3829 habens
903 3787 1169 3851 puerum
1190 3768 1422 3832 Jesum
1469 3771 1538 3833 in
1578 3772 1847 3853 gremio,
1888 3771 2147 3855 quando
2189 3780 2323 3835 tres
2348 3786 2543 3855 reges
2558 3772 2667 3835 in-

329 3868 552 3952 gressi
593 3886 743 3931 cnm
784 3873 925 3937 suis
981 3874 1355 3939 munet-bus
1418 3892 1500 3936 ea
1569 3875 1961 3941 obtulerunt.
2042 3878 2116 3938 In
2174 3876 2285 3939 illo
2346 3876 2491 3940 loco
2545 3894 2666 3939 nos

329 3974 535 4037 etiam
579 3980 740 4036 cum·
769 3974 973 4038 tribus
1017 3974 1281 4056 regibus
1322 3977 1392 4040 in
1434 3977 1641 4043 facies
1680 3986 1942 4043 nostras
1983 3979 2393 4064 procidimus,
2436 3988 2505 4045 et
2544 3996 2667 4046 nos

328 4078 514 4160 ipsos
578 4077 927 4144 obtulimus
966 4078 1228 4147 Christo
1271 4080 1544 4145 Domino
1560 4127 1582 4165 ,
1649 4091 1715 4146 et
1770 4081 2207 4170 inhlgentias
2271 4084 2665 4168 aecepimus,

327 4188 674 4245 cantantes
713 4182 1025 4266 hymnum
1095 4182 1184 4248 de
1240 4185 1448 4250 tribus
1500 4187 1802 4273 regibus,
1864 4197 1931 4253 et
1987 4191 2314 4254 orationes
2358 4191 2501 4273 (†).
2587 4190 2665 4251 ln

327 4293 579 4365 quanta
617 4294 836 4351 autem
878 4293 1252 4353 reverentia
1292 4298 1362 4354 et
1399 4289 1753 4357 devotione
1792 4293 1860 4357 hi
1914 4303 2049 4359 tres
2088 4312 2287 4378 reges
2341 4309 2467 4358 sua
2518 4310 2665 4355 mu-

327 4402 490 4450 nera
544 4388 936 4478 obtulerint,
999 4400 1177 4478 patet
1220 4394 1454 4459 Matth.
1488 4397 1551 4458 2.
1650 4395 1797 4461 Nec
1853 4399 2242 4463 credendum
2282 4407 2391 4462 est
2410 4441 2432 4480 ,
2493 4394 2666 4481 quod
