3242 5259
486 472 752 551 Tertius
813 480 1028 538 status
1065 474 1271 541 illius
1342 476 1758 541 sanctissimi
1827 475 1955 541 loci
2018 475 2167 540 talis
2227 475 2367 541 init.
2476 477 2650 545 Nato

320 580 602 655 Domino
666 587 734 643 et
782 587 936 662 post
989 579 1059 642 in
1100 579 1474 664 Aegyptum
1538 580 1796 664 fugato,
1844 580 1929 644 ad
1971 598 2199 644 necem
2243 584 2653 653 innocentum

326 702 667 769 puerorum
707 685 1037 769 processit
1061 683 1377 749 Herodes
1393 729 1416 768 ‚
1461 695 1532 759 et,
1562 703 1711 757 cum
1745 702 1982 769 magna
2020 685 2189 748 suria
2228 685 2657 763 diversorium

326 797 654 854 scrutatus
697 796 833 872 est,
877 806 1196 879 quaerens
1237 790 1305 852 in
1347 809 1426 853 eo
1470 809 1739 874 puerum
1785 790 2054 872 Jesum,
2105 792 2260 874 quia
2297 792 2653 878 audiverat,

329 895 419 958 ibi
480 888 656 959 illam
709 910 1094 976 puerperam
1136 891 1484 976 deguisse,
1539 895 1646 959 cui
1700 894 1883 977 Magi
1945 913 2215 958 munera
2274 890 2654 982 obtulerant,

327 998 417 1062 Et
457 1016 587 1061 non
627 998 898 1063 invento
937 999 1004 1060 in
1050 995 1263 1080 (1⁸78
1317 999 1423 1075 A)
1463 1018 1545 1062 eo
1588 1017 1793 1089 puero
1831 997 2256 1063 diversorium
2320 999 2681 1086 destruxit,⁴

229 1160 254 1176 ι
319 1110 394 1171 'et
459 1119 718 1184 muros,
783 1102 895 1187 qui
952 1113 1432 1185 remanserant,
1493 1103 1888 1186 dissipavit,
1941 1121 2067 1166 nec
2117 1103 2361 1186 voluit,
2428 1115 2501 1169 ut
2564 1108 2657 1170 ibi

329 1207 608 1291 amplius
656 1216 833 1270 esset
877 1206 1326 1271 diversorium.
1411 1211 1495 1271 Et
1523 1210 1616 1272 ita
1648 1207 1833 1271 locus
1855 1202 2153 1273 desertus
2176 1212 2413 1272 mansit
2446 1228 2658 1295 usque

332 1321 488 1398 post
527 1312 791 1377 Domini
834 1313 1304 1411 ascensionem.
1400 1314 1608 1377 Beata
1663 1321 1880 1377 autem
1919 1313 2130 1397 Virgo
2166 1315 2380 1379 Maria
2443 1315 2657 1393 locum

188 1410 194 1415 ’
332 1419 603 1481 visitare
641 1417 886 1500 incepit
927 1434 1075 1481 eum
1122 1418 1265 1483 suis
1303 1409 1675 1505 sodalibus,
1719 1426 1792 1481 ut
1836 1417 2079 1482 dictum
2116 1429 2221 1484 est
2256 1420 2365 1484 fel.
2412 1419 2538 1485 1¹73
2576 1420 2655 1493 Β

257 1548 263 1553 ·
331 1522 418 1586 Et
459 1540 543 1585 ex
583 1522 1005 1604 consequenti
1048 1522 1287 1585 caeteri
1325 1521 1559 1589 fideles
1594 1523 1993 1593 accedebant
2023 1533 2090 1588 et
2118 1525 2330 1589 locum
2360 1535 2655 1591 sanctu-

331 1625 753 1691 honorabant.
850 1625 1009 1689 Post
1070 1626 1298 1709 beatae
1351 1634 1563 1691 autem
1607 1626 1903 1710 Virginis
1951 1631 2409 1695 assumtionem
2427 1676 2449 1714 ,
2509 1643 2668 1695 cam

331 1730 561 1794 fideles
602 1729 815 1794 locum
857 1738 1345 1821 venerarentur,
1389 1733 1691 1795 commoti
1728 1743 1881 1796 sunt
1913 1752 2112 1818 super
2148 1736 2274 1799 hoc
2287 1733 2549 1819 sudaei,
2593 1744 2661 1798 et.

331 1836 546 1929 ipsum
596 1834 811 1898 locum
880 1843 950 1899 et
988 1834 1072 1899 ad
1127 1850 1274 1901 eum
1314 1834 1706 1899 accedentes
1749 1842 2492 1923 excommunicaverunt,
2539 1836 2662 1903 de-

327 1940 740 2022 nuntiantes,
782 1938 993 2003 locum
1044 1957 1198 2004 esse
1237 1940 1635 2004 immundum
1679 1950 1742 2004 et
1806 1943 2214 2013 maledictum
2234 1989 2253 2027 ‚
2298 1953 2368 2007 et
2408 1959 2662 2010 omnem

329 2043 796 2128 ingredientem
853 2060 1007 2108 esse
1074 2045 1624 2128 contaminatum,
1685 2055 1754 2109 et
1795 2050 2111 2132 punitioni
2151 2050 2531 2132 obnoxium,
2596 2056 2665 2112 et
2774 2036 2781 2043 ’

333 2149 800 2213 obturaverunt·
838 2147 1160 2231 lapidibus
1203 2151 1351 2214 vias
1365 2194 1387 2232 ,
1439 2150 1677 2233 quibus
1739 2146 1831 2214 ad-
1864 2153 2079 2215 locum
2122 2162 2264 2216 erat
2301 2155 2667 2236 ingressus.

336 2252 424 2317 Et
490 2252 731 2319 mansit
801 2251 986 2317 locus
1058 2255 1161 2316 sic
1223 2254 1574 2319 conclusus
1640 2272 1850 2338 usque
1913 2254 1996 2317 ad
2050 2265 2342 2340 tempora
2405 2258 2533 2320 Titi
2600 2265 2666 2320 et

335 2356 753 2440 Vespasiani,
795 2357 907 2447 qui
946 2365 1402 2439 expugnantes
1418 2354 1740 2423 Judaeam
1777 2370 1843 2431 et
1867 2361 2231 2424 Jerusalem
2258 2361 2669 2429 destruentes

338 2464 519 2545 ipsos
537 2459 830 2526 Judaeos
861 2480 979 2543 per
1001 2464 1220 2525 orbem
1241 2461 1704 2548 disperserunt,
1733 2474 1881 2546 pest
1907 2484 2176 2549 quorum
2198 2465 2665 2549 dispersionem

336 2564 690 2631 Christiani
745 2572 983 2629 terram
1056 2575 1351 2631 sanctam
1414 2568 1811 2638 inhabitare
1862 2580 2249 2654 coeperunt,
2313 2579 2382 2632 et
2454 2569 2667 2633 lomim

338 2671 697 2736 dominicae
754 2670 1114 2735 nativitatis
1177 2670 1649 2736 mundaverunt
1695 2683 1766 2737 et
1825 2675 2258 2740 visitaverunt
2314 2691 2525 2761 usque
2582 2671 2669 2735 ad

338 2782 682 2857 tempera
685 2771 919 2837 Heliae
978 2773 1244 2839 Adriani
1305 2776 1743 2862 imperatoris,
1803 2781 1914 2863 qui
1976 2780 2166 2845 idolis
2240 2787 2473 2843 sancta
2524 2776 2671 2843 loca

344 2878 798 2947 abominabilia
839 2876 1230 2943 Christianis
1273 2879 1526 2947 redidit.
1607 2882 1783 2948 Nam
1838 2886 1907 2948 in
1967 2885 2113 2959 loco
2155 2886 2378 2959 mortis
2416 2881 2669 2947 Clu-isti

338 3001 537 3068 anper
581 3002 807 3067 rupem
852 2983 1203 3048 calvariae
1236 2985 1453 3067 posuit
1491 2995 1773 3051 statuam
1816 2989 2132 3073 Veneris,
2182 2996 2248 3053 et
2272 2992 2358 3065 ⁵in
2401 3007 2669 3072 specum

337 3089 717 3173 sepulturae
758 3086 1008 3151 Christi
1049 3087 1397 3153 collocavit
1437 3090 1785 3175 maginem
1813 3093 2025 3178 hvis,
2068 3104 2134 3159 et
2183 3094 2672 3180 specum-nati-

339 3194 565 3257 vitatis
619 3193 908 3260 Domini·
943 3193 1028 3257 ad
1071 3192 1424 3276 planctum
1462 3194 1787 3262 Adonidis
1846 3199 2205 3285 ordinavit,
2263 3202 2355 3264 ita
2372 3245 2393 3285 ,
2456 3192 2530 3263 'ut
2605 3200 2675 3261 in

339 3302 546 3381 specu
559 3345 580 3382 ,
624 3300 737 3365 ubi
776 3298 1102 3386 quondam
1144 3297 1452 3364 Christus
1491 3301 1805 3383 parvulus
1841 3307 2049 3389 vagiit
2091 3312 2161 3368 et
2180 3305 2393 3388 Virgo
2431 3302 2674 3369 castis-

341 3403 509 3466 sima
547 3422 818 3487 puerum
839 3406 1022 3488 fovit,
1056 3403 1194 3487 jam
1215 3405 1499 3481 Veneris
1539 3407 2089 3490 impudicissimae
2116 3410 2401 3473 amasius
2419 3404 2675 3501 Adonis

341 3504 826 3590 plumbatum.
857 3516 931 3570 ut
991 3508 1187 3571 habet
1240 3510 1683 3593 Hieronymus
1740 3513 1809 3575 in
1872 3512 2147 3595 epistola
2198 3510 2283 3577 ad
2337 3508 2673 3601 Paulinum

341 3608 425 3689 de
465 3612 871 3679 institutione
910 3611 1386 3675 monachorum.
1472 3613 1577 3676 De
1617 3614 1936 3683 Adonidis
1977 3616 2241 3698 planctu
2284 3613 2441 3677 vide
2478 3613 2677 3676 etiam

339 3713 588 3782 aneon
615 3715 796 3779 vm.
838 3712 923 3779 X.
962 3714 1042 3778 14
1083 3723 1149 3777 et
1189 3722 1355 3795 part.
1380 3718 1459 3778 11.
1507 3718 1615 3781 fol.
1656 3718 1867 3782 qu
1902 3727 1973 3782 et
2015 3718 2272 3802 plenius
2315 3717 2424 3782 fol.
2451 3715 2573 3791 1⁷9
2590 3717 2676 3779 A.

328 3819 436 3893 Et,
466 3821 560 3883 ita
597 3818 782 3883 loeus
835 3836 1028 3883 sacer
1069 3818 1288 3881 faetus
1311 3818 1436 3883 suit
1458 3811 1847 3885 Christiania
1868 3832 2236 3912 extraneus,
2277 3825 2407 3889 imo
2434 3840 2679 3889 exosus

352 3932 613 4007 propter
651 3922 1100 3992 idololatriam
1173 3926 1180 3931 ’

523 4026 814 4107 Quartus
854 4037 1068 4093 status
1111 4028 1286 4094 illius
1328 4030 1455 4095 loci
1516 4032 1733 4094 saneti
1786 4031 1939 4118 talis
1993 4032 2131 4095 fuit.
2228 4034 2382 4097 Sub‘
2431 4033 2682 4097 cultura

345 4134 516 4216 turpi
555 4133 871 4199 idolorum
932 4134 1171 4198 mansit
1231 4135 1418 4200 locus
1467 4136 1578 4200 ille
1634 4135 1803 4199 ultra
1862 4145 2191 4202 trecentos
2227 4132 2474 4221 annos‘,
2530 4146 2682 4220 post

349 4254 523 4320 quos
563 4241 840 4304 suscim
862 4240 1048 4303 Deus
1087 4242 1385 4324 spiritum
1432 4249 1704 4307 sanctae
1746 4241 2067 4327 mulierisj
2081 4243 2399 4326 Helenae,
2438 4242 2684 4304 'l'eute-

353 4340 577 4424 nicae,
664 4361 835 4427 quae
938 4345 1314 4430 imperatrix
1385 4347 1564 4410 facta
1657 4356 1723 4409 et
1792 4332 2332 4507 christianabnssima
2409 4333 2684 4429 effecta,
