3242 5259
32 433 66 1400 tun—1-=³=⁴-⁴

32 3689 83 3744 3·
32 2100 96 3635 23‘ffi2a11‡÷;1.oeffi.ata

32 4016 96 4110 ᾖ.

41 4318 104 4397 ιθ

32 4423 105 4508 a!

1412 334 1534 400 401

294 526 375 588 ab
417 523 518 588 eis
563 510 649 586 de
689 517 1127 584 destructione
1188 514 1474 581 civitatis
1522 524 1593 579 et
1660 513 1883 599 templi
1902 558 1923 598 ,
1981 512 2153 598 quod
2212 531 2370 599 prae
2422 514 2631 581 oculis

294 630 655 709 habebant,
726 622 889 690 dixit
933 624 1040 686 eis
1100 619 1304 685 multa
1364 619 1448 684 de
1499 620 2057 706 persecutionibus
2110 634 2363 703 eorum,
2434 629 2502 684 et
2550 620 2633 685 de
2674 648 2677 653 ·

295 733 738 823 Antiebdsto,
806 736 873 792 et
911 725 997 791 de
1037 735 1330 791 extremo
1378 724 1656 809 judicto,
1724 732 1792 787 et
1833 722 1918 787 de
1963 724 2173 806 signis
2219 723 2287 786 in
2328 723 2503 803 sole,
2566 734 2634 789 et

295 838 485 921 luna,
528 845 592 900 et
635 830 880 916 stellis,
925 850 1093 917 quae
1133 832 1453 897 habentur
1503 830 1729 894 Lucae
1770 829 1882 898 21.
1964 830 2041 892 In
2083 829 2208 891 hoc
2247 827 2393 893 loco
2442 844 2632 895 sacra

298 941 583 1026 vestigia
622 937 980 1007 deosculati
1022 952 1283 1021 sumus,
1328 947 1393 1003 et
1429 934 1871 1021 indulgentias
1910 933 2272 1016 recepimus
2306 933 2444 1017 st).

297 1174 420 1251 De
467 1174 633 1251 loco
685 1171 1180 1275 respirationis
1243 1183 1322 1248 et
1370 1169 1816 1274 pausationis
1864 1166 2128 1245 beatae
2182 1165 2513 1267 Virginis
2559 1164 2633 1242 in

848 1293 980 1369 tali
1022 1293 1622 1397 peregrinatione·
1660 1289 2070 1369 existentis·

465 1438 720 1541 Deinde
795 1448 942 1539 cum
1003 1470 1336 1559 paululum
1383 1462 2002 1554 'descendissemus,
2047 1489 2086 1532 a
2128 1468 2272 1533 loco
2300 1467 2636 1533 sessionis

301 1575 547 1641 Christi
587 1579 889 1643 venimus
923 1577 1013 1641 ad
1062 1579 1311 1660 locum,
1367 1579 1431 1640 in
1474 1588 1620 1661 quo·
1645 1576 1900 1641 solebat
1939 1576 2148 1659 Virgo
2188 1576 2382 1638 beata
2408 1572 2634 1636 ‘Maria

299 1684 640 1765 quiescere
681 1692 748 1745 et
787 1701 1065 1767 pausare
1107 1684 1174 1745 in
1214 1692 1362 1745 actu
1411 1698 1573 1745 suae
1615 1680 2005 1746 cottidianae
2046 1666 2194 1763 (B)
2255 1680 2637 1762 peregrina-

299 1787 514 1849 tionis.
613 1787 716 1850 Ex
777 1787 970 1850 dictis
1038 1788 1207 1851 enim
1285 1786 1745 1869 Samtorum,
1785 1785 2169 1869 Hieronymi
2234 1785 2300 1847 in
2359 1780 2637 1866 epistola

303 1890 539 1973 cogit„
627 1891 1014 1975 Augustini,
1056 1889 1422 1974 Anshelmi,
1461 1888 1851 1989 Bernhardi‚
1892 1899 1960 1953 et
1996 1890 2164 1953 beati
2204 1882 2537 1952 vincentii
2569 1887 2638 1950 in

189 2056 206 2077 ‚
302 2009 606 2058 sermone
675 1996 1134 2079 assumtionis,
1180 1995 1602 2079 Damasceni,
1666 1996 1969 2077 habetur,
2028 1990 2209 2076 quod
2258 1993 2638 2057 beatissima

300 2097 510 2181 Virgo
532 2100 743 2163 Maria
794 2107 940 2184 post
981 2098 1096 2163 filii
1137 2100 1241 2163 sui
1262 2103 1712 2165 ascensionem
1756 2098 2033 2183 singulis
2071 2097 2300 2161 diebus
2338 2097 2638 2160 visitavit

302 2204 516 2266 omnia
557 2202 703 2266 ioca
743 2212 973 2269 sancta
1019 2204 1435 2268 redemtionis
1475 2215 1759 2288 nostrae,
1803 2220 1948 2267 cum
1994 2202 2251 2266 eximia·
2269 2200 2632 2265 devotione.

304 2304 621 2395 Quamvis
684 2310 855 2371 enim
914 2309 979 2371 in
1022 2310 1252 2405 spiritu
1295 2317 1511 2394 esset,
1572 2312 1795 2373 famen
1860 2308 2012 2371 dum
2068 2306 2136 2369 in
2194 2322 2390 2369 carne
2452 2303 2637 2386 vixit,

304 2414 563 2475 carneis
607 2430 755 2491 mox
759 2414 985 2477 ebatur
1027 2416 1349 2503 sensibus,
1383 2423 1447 2476 et
1488 2414 1636 2481 ideo
1678 2415 1961 2478 locorum
2002 2410 2252 2474 illorum
2296 2408 2641 2473 recreaba-

302 2525 408 2579 tur
446 2510 925 2585 visitationibus
968 2526 1037 2581 et
1077 2520 1268 2582 novis
1305 2496 1569 2583 cottidie
1622 2517 2141 2591 inflammabatur
2179 2512 2639 2579 desideriorum

301 2620 669 2705 affectibus,
713 2632 778 2686 et
820 2631 999 2687 tanto
1041 2622 1387 2705 valentius,
1428 2633 1670 2707 quanto
1710 2621 1949 2686 divinis
1988 2619 2427 2684 illustrabatur
2464 2619 2641 2679 intus

299 2727 807 2797 visitationibus.
847 2758 856 2765 ·
900 2714 1227 2792 Pona‘mus
1269 2746 1426 2811 ergo
1468 2726 1552 2790 ad
1592 2728 1943 2811 practicam
1986 2725 2307 2809 gloriosae
2346 2720 2642 2804 Virginis

297 2828 557 2895 Hariae
600 2832 1085 2898 devotissimam
1139 2833 1736 2919 peregrinationem.
1827 2830 2207 2914 supervixit
2239 2829 2449 2911 Virgo
2492 2824 2643 2909 glo-

303 2938 479 3003 riosa
523 2939 711 3001 annis
751 2941 914 3004 XIV
963 2949 1112 3023 post
1153 2938 1415 3003 Domini
1457 2924 1905 3001 ascensionem
1950 2932 2305 2999 secundum
2350 2948 2645 2996 commu-

300 3058 451 3103 nem
496 3040 914 3128 sententiam,
978 3053 1044 3107 et
1086 3053 1407 3128 tamquam
1460 3043 1802 3128 peregrina
1857 3060 2065 3106 annos
2120 3041 2268 3105 illos
2324 3035 2644 3120 transegit

300 3150 516 3211 etiam·
570 3148 988 3233 corporaliter
1037 3128 1430 3212 transeundo
1490 3147 1573 3210 de
1635 3147 1778 3211 loeo
1839 3147 1947 3211 ad.
1980 3148 2211 3216 locum.
2308 3142 2642 3208 Assumsit

300 3256 519 3314 autem
562 3262 696 3316 tres
762 3254 1311 3365 peregrinationes
1370 3252 1591 3320 facere
1655 3272 1848 3338 quam
1907 3251 2014 3316 diu
2076 3253 2333 3316 viveret
2395 3250 2461 3313 in
2517 3248 2643 3313 hoc

299 3354 581 3418 mundet
654 3348 922 3439 primam
967 3340 1348 3442 annualem,
1406 3340 1763 3422 secundam
1805 3357 2235 3439 mensualem,
2256 3350 2345 3419 et
2386 3354 2642 3417 tertiam

295 3455 744 3523 cottidlanam.
827 3463 1042 3527 Primo
1083 3464 1396 3557 credulum
1457 3463 1629 3547 quod
1671 3463 1951 3546 singulis
1993 3465 2183 3525 annis
2226 3458 2563 3526 descendit
2604 3476 2645 3519 a

291 3558 672 3628 Jerusale‘m
729 3568 796 3627 in
825 3565 1217 3665 ‘Nazareth
1279 3574 1350 3655 gt
1394 3567 1819 3632 devotissimo
1878 3562 1969 3631 ibi
2041 3568 2255 3631 locum
2310 3563 2646 3649 angelicae

295 3665 719 3733 salutationis
762 3672 1088 3752 visitavit,
1151 3686 1590 3735 rememorans
1632 3674 1719 3737 ibi
1762 3673 2007 3757 gaudia
2050 3672 2302 3753 omnia,
2364 3687 2533 3753 quae
2574 3669 2645 3730 in

288 3770 654 3856 conceptu·
684 3774 820 3840 filii·
840 3775 966 3839 Dei
1005 3775 1266 3859 habuit,
1306 3776 1555 3860 gratias
1597 3776 1740 3841 Deo
1793 3778 2119 3860 referens,
2162 3795 2279 3860 pro
2333 3768 2647 3839 immenso

287 3871 618 3942 beneflcio
660 3899 777 3965 per
813 3894 957 3944 eam
1000 3881 1083 3943 ab
1121 3882 1269 3964 ipso
1303 3882 1370 3944 iu
1406 3881 1551 3946 loeo
1585 3884 1715 3948 hoc
1753 3900 1944 3947 sacro
1971 3882 2091 3946 toti
2116 3879 2352 3949 mundo
2389 3879 2644 3945 collato.

288 3966 444 4056 Quo
488 3983 755 4067 expleto
769 3974 910 4069 'per
947 3984 1124 4049 viam
1151 3984 1406 4071 ,rediit,
1445 4006 1577 4070 ⁴per
1645 3972 1835 4070 «fuam
1878 3986 2012 4051 fflio
2055 3985 2181 4050 Dei
2223 3994 2536 4069 concepto
2578 3987 2648 4047 in

295 4095 615 4152 montana
679 4089 980 4154 Judaeae
1054 4090 1420 4174 festinavit,
1491 4100 1558 4155 et
1638 4091 1977 4167 misabeth
2051 4090 2391 4173 salutavit,
2457 4090 2650 4173 eique

289 4182 635 4259 humiliter
671 4195 949 4259 servivit
988 4196 1057 4258 in
1098 4198 1442 4281 puerperio
1497 4196 1856 4279 Johannis,
1903 4196 2126 4259 Lucae
2170 4197 2224 4264 1.
2311 4195 2439 4258 Per
2478 4194 2650 4258 hanc

299 4299 521 4365 *mem
567 4298 748 4363 viam
807 4309 1146 4364 revertens
1207 4300 1643 4366 innovabatur
1691 4302 1758 4363 in
1817 4320 1898 4363 ea
1920 4310 1927 4317 ·
1951 4300 2199 4391 Jubiius
2238 4299 2651 4365 dulcissimus

301 4392 583 4480 11191168,
625 4410 694 4465 et
730 4405 1080 4489 praecipue
1136 4406 1395 4490 quando
1435 4405 1519 4470 ad
1575 4406 1791 4471 locum
1833 4404 2053 4488 venit,
2097 4409 2163 4468 in
2207 4423 2335 4488 quo
2389 4402 2657 4486 spiritus

2186 4504 2255 4563 26
