3242 5259
1634 304 1765 367 4⁶⁰

532 485 760 551 Credo.
788 484 1114 568 profecto,
1156 482 1330 567 qnod
1370 483 1438 546 iu
1481 483 1585 547 his
1627 484 2062 548 sanctissimis
2104 484 2271 549 locis
2311 486 2618 549 iuimicus
2662 485 2884 568 magis

531 598 741 653 tentet
784 599 852 652 et
891 587 1232 652 insidietur
1273 589 1569 653 incautis.
1615 586 1887 651 Coelum
1927 607 2323 673 empyreum,
2359 591 2543 654 locus
2590 589 2881 653 omnium

530 693 814 758 locorum
858 692 1380 776 sublimissimus,
1423 710 1553 757 uon
1588 690 1763 773 juvit
1806 691 2177 777 luciferum,
2221 692 2558 776 paradisus
2598 692 2883 758 nobilis-

529 800 736 862 simus
797 816 927 861 non
992 799 1235 879 primos
1306 802 1613 880 parentes
1690 796 2078 880 custodivit,
2153 799 2575 863 coenaculum
2596 839 2623 877 ,
2687 800 2881 862 locus

529 903 1001 995 sanctissimus,
1042 902 1353 965 Thomam
1396 901 1477 965 ab
1533 898 1913 965 infidelitate
1949 921 2079 966 non
2121 905 2431 968 servavit.
2499 903 2655 967 Ideo
2697 903 2877 966 scri·

529 1008 709 1071 bitur
745 1007 813 1070 in
854 1005 1018 1070 Can.
1074 1006 1248 1075 XL.:
1332 1008 1462 1069 non
1504 1003 1653 1068 loca
1709 1012 1826 1071 aut
1890 1006 2149 1070 ordines
2211 1009 2487 1072 creatori
2550 1026 2672 1071 nos
2713 1026 2877 1090 pro-

532 1113 746 1176 ximos
789 1111 1074 1194 faciunt,
1116 1109 1239 1173 sed
1280 1127 1401 1173 nos
1444 1120 1557 1174 aut
1599 1114 1829 1175 merita
1871 1112 2043 1175 bona
2084 1111 2507 1195 conjungunt,
2548 1123 2663 1176 aut
2707 1111 2879 1174 maia

530 1215 956 1299 distinguunt.
1045 1213 1214 1278 Cum
1259 1215 1431 1277 enim
1473 1214 1715 1279 domini
1779 1216 2105 1299 peregrini
2148 1234 2296 1280 cum
2316 1219 2545 1281 *tribus
2604 1216 2874 1299 regibus

531 1338 799 1384 munera
839 1323 965 1384 sua
1004 1318 1089 1383 ad
1130 1318 1340 1382 lo'cum
1384 1320 1744 1386 nativitatis
1785 1319 2112 1404 offerrent,
2146 1320 2367 1404 aliqui·
2386 1339 2635 1403 aurum,
2676 1320 2879 1404 aliqui

531 1436 889 1510 argentum,
933 1425 1132 1510 aliqui
1174 1423 1450 1488 annulos
1491 1442 1745 1510 aureos,
1781 1425 1979 1508 aliqui
2020 1442 2259 1508 ceram,
2290 1428 2574 1490 accessit
2615 1423 2879 1508 quidam

530 1531 719 1594 miles
764 1539 829 1593 et
862 1529 1162 1594 ducatum
1202 1547 1403 1614 supra
1428 1528 1708 1613 lapidem
1753 1530 2043 1614 projecit,
2080 1531 2275 1594 sicut*
2296 1538 2449 1594 ante
2477 1533 2621 1593 eum
2657 1530 2881 1614 plures

531 1635 844 1704 fecerunt.
867 1636 1064 1698 Hunc
1084 1634 1346 1698 militem
1384 1637 1779 1719 sequebatur
1813 1634 2074 1718 quidam
2111 1637 2495 1719 peregrinus
2524 1633 2879 1717 orientalis,

531 1738 875 1822 procidens
933 1738 1017 1802 ad
1050 1737 1179 1802 loci
1214 1737 1796 1822 deosculationem,
1842 1741 1910 1801 in
1950 1740 2097 1824 ipsa
2137 1747 2355 1804 autem
2397 1737 2880 1802 deosculatione

533 1853 722 1907 caute
742 1841 1065 1925 sacrilega
1084 1861 1279 1905 manu
1300 1853 1569 1911 extensa
1586 1844 1751 1908 duos
1767 1845 2260 1929 propinquiores
2280 1844 2407 1906 sibi
2423 1840 2694 1905 ducatos
2714 1841 2881 1905 snb-

535 1930 751 2029 traxit,
779 1952 851 2008 et
892 1963 1175 2028 surgens
1218 1945 1374 2011 abiit
1430 1955 1496 2010 et
1528 1954 1616 2011 'se
1659 1950 1726 2011 in
1771 1949 2260 2031 peregrinorum
2304 1966 2538 2030 agmen
2580 1946 2877 2029 ingessit.

539 2049 597 2113 0
643 2050 849 2141 iurem
894 2058 961 2112 et
1000 2036 1317 2113 latronem
1382 2051 1558 2114 mille
1629 2052 1934 2135 patibulis
1987 2051 2549 2135 suspendendum!
2618 2051 2676 2112 0
2722 2069 2882 2133 rap-

540 2164 749 2220 torem
783 2150 857 2218 in
900 2153 1076 2218 mille
1138 2154 1345 2217 frusta
1410 2153 1905 2240 discerpendum
1969 2161 2056 2219 'et
2095 2158 2255 2220 rotis
2298 2158 2515 2240 igneis
2566 2157 2881 2219 intexen-

541 2260 723 2324 dum!
770 2258 828 2322 Ο
872 2258 1262 2342 sacrilegum
1303 2259 1565 2342 ignibus
1605 2278 1817 2344 usque
1877 2259 1961 2324 ad
2005 2261 2260 2324 cineres
2299 2258 2875 2325 concremandum!

542 2364 600 2428 Ο
642 2365 1064 2448 spoliatorem
1107 2366 1325 2448 capite
1365 2365 1785 2449 pn'vandum,
1815 2375 1914 2428 ‘et
1951 2367 2019 2429 in
2061 2366 2451 2450 prohndum
2512 2364 2708 2429 maris
2748 2363 2882 2426 im-

543 2468 993 2552 mergendum!
1073 2465 1334 2546 Quanta
1373 2470 1703 2553 impietas!
1771 2478 2014 2553 quanta
2054 2470 2404 2535 crudelitas
2457 2479 2525 2534 te
2566 2468 2876 2553 agitavit!

544 2582 785 2655 quauta
835 2571 1183 2636 infidelitas
1226 2582 1294 2636 te
1354 2564 1770 2639 excoecavit!
1836 2584 1909 2638 ut
1949 2577 2017 2639 in
2070 2576 2213 2640 loco
2256 2582 2390 2639 tam
2442 2575 2879 2653 sanctissimo,

543 2676 653 2740 ubi
692 2676 1101 2742 Christianus
1142 2678 1529 2743 mentalibus
1570 2681 1780 2744 oculis
1822 2681 2001 2764 videt
2035 2680 2486 2765 pauperculam
2511 2678 2877 2763 Virginem,

546 2791 845 2867 egentem
889 2782 1292 2866 infantulum,
1334 2783 1588 2868 Joseph
1630 2784 2102 2868 sollicitantem,
2145 2805 2261 2871 pro
2305 2787 2596 2868 utrisque
2639 2774 2899 2846 furtum'

546 2874 997 2951 committeres.
1084 2887 1319 2969 Porro,
1383 2889 1444 2951 si
1486 2898 1557 2952 tu
1599 2890 1763 2954 haec
1804 2909 1934 2954 non
1992 2889 2203 2953 eredis
2264 2907 2388 2955 nec
2447 2884 2697 2969 cernis,
2760 2904 2880 2949 cur

549 2990 726 3052 te.in
769 2989 910 3053 loco
952 2987 1359 3074 prosternis?
1404 2991 1540 3058 Cur
1567 2998 1782 3057 crucis
1815 2996 2071 3077 signum
2109 2992 2338 3078 geris?
2378 2995 2463 3056 Et
2505 3012 2633 3078 qua
2666 3003 2878 3056 teme-

546 3093 734 3155 ritate
776 3094 903 3156 huc
954 3095 1269 3158 accedere
1310 3097 1725 3180 praesumis?
1786 3098 1863 3160 Si
1903 3108 2116 3162 autem
2169 3098 2417 3181 credis,
2492 3107 2561 3162 et
2600 3116 2873 3182 puerum

545 3195 627 3258 ob
671 3195 774 3257 sui
816 3207 1172 3261 assumtam
1233 3200 1568 3264 infantiam
1610 3221 1740 3265 non
1793 3204 2067 3269 timuisti
2118 3204 2437 3286 spoliare,
2504 3221 2707 3287 quare
2746 3220 2876 3264 uon

544 3298 984 3363 dulcissimae·
998 3304 1225 3367 matris
1264 3307 1584 3369 reveritus
1627 3323 1703 3369 es
1745 3305 2002 3391 oculos,
2046 3325 2217 3391 quae
2250 3327 2452 3391 puero
2495 3306 2761 3387 assidet,
2805 3312 2878 3371 et

546 3405 1040 3488 diligentissime
1079 3409 1369 3473 intuetur
1412 3428 1520 3493 ea,
1576 3428 1745 3493 quae
1785 3411 1959 3474 circa
2003 3412 2385 3476 infantulum
2427 3430 2616 3476 suum
2660 3429 2875 3494 agun-

546 3508 697 3574 tur?
767 3511 874 3573 An
938 3510 1083 3575 ideo
1147 3513 1411 3597 putandi
1472 3523 1627 3578 sunt
1690 3534 1820 3580 non
1879 3514 2139 3599 videre,
2205 3518 2356 3599 quia
2410 3517 2635 3585 vident
2693 3524 2874 3579 tauto

546 3618 892 3698 patientius
935 3626 1175 3701 quanto
1214 3618 1622 3702 sapientius?
1688 3621 1773 3683 Et
1839 3620 1897 3683 si
1959 3639 2084 3684 uec
2125 3638 2395 3706 puerum
2436 3639 2560 3685 nec
2602 3629 2872 3684 matrem

543 3723 787 3786 curasti
826 3731 1089 3807 propter
1127 3742 1344 3787 eorum
1370 3725 1752 3789 immensam
1795 3726 2277 3809 benignitatem,
2311 3744 2442 3808 qua
2481 3744 2611 3789 non
2653 3725 2875 3788 statim

544 3814 906 3908 procedunt⁴
938 3826 1022 3891 ad
1063 3829 1315 3911 peccati
1357 3830 1785 3919 punitionem,-
1814 3831 1935 3894 sed
1978 3830 2427 3915 longanimiter
2469 3836 2876 3914 exspectant,

543 3928 860 3993 debueras
918 3939 1096 3994 certe
1153 3933 1445 3997 timuisse
1506 3935 1717 4016 ipsum
1774 3943 2087 4019 maturum
2152 3944 2217 3998 et
2281 3937 2603 4000 seriosum
2663 3935 2877 3998 virum

541 4033 824 4117 Joseph,
867 4031 1073 4115 (176
1094 4033 1200 4116 Α)
1255 4038 1360 4098 cui
1403 4039 1729 4104 amborum
1790 4057 1944 4103 cura
1983 4028 2329 4121 incumbit,
2397 4042 2509 4124 qui
2566 4048 2878 4122 utrosque

542 4138 686 4202 sine
718 4138 1044 4203 oculorum
1087 4141 1430 4204 aversione
1475 4139 1788 4227 respicit?
1833 4132 2066 4227 Porro,
2106 4145 2168 4207 si
2208 4145 2374 4209 haec
2416 4145 2531 4208 tibi
2575 4143 2878 4207 videntur

543 4260 734 4327 vana,
777 4251 841 4306 et
885 4260 1008 4305 nec
1047 4260 1336 4327 puerum,
1381 4260 1503 4309 nse
1546 4255 1831 4329 matrem,
1878 4266 2001 4312 nec
2039 4249 2287 4333 Joseph
2326 4248 2564 4313 adesse
2606 4248 2875 4329 dixeris,

544 4365 660 4410 cur
723 4356 787 4411 te
846 4366 973 4410 non
1035 4347 1306 4412 retraxit
1369 4367 1408 4410 a
1470 4350 1819 4436 sacrilegio
1879 4351 2298 4418 dulcissimus
2354 4353 2519 4421 udor
2582 4353 2666 4421 de
2734 4353 2889 4419 loco
