3242 5259
311 522 686 605 attulerunt,
737 517 824 584 de
863 518 1102 604 quibus
1142 517 1229 584 ad
1271 521 1579 608 placitum
1609 521 1919 603 emmas,
1962 525 2032 581 et
2072 521 2168 582 ita
2211 519 2656 592 coenavimus.

310 629 515 695 Porro
555 626 742 690 locus
783 625 1140 690 mansionis
1181 635 1446 690 nostrae
1485 632 1631 689 erat
1685 631 1863 700 tetus
1925 621 2248 706 lapidibus
2312 624 2547 708 plenu·
2588 633 2660 690 et

314 734 712 817 asperrimus
751 729 927 793 sicut
965 729 1177 812 Alpes
1220 729 1406 812 illae,
1450 748 1621 817 quae
1663 738 1819 793 sunt
1842 728 2037 804 ⁸inter
2077 728 2335 794 Ulmm
2380 738 2451 793 et
2492 729 2677 802 wi·-

315 839 645 921 sensteig,
708 843 776 899 et
813 833 939 898 sub
1007 833 1333 918 lapidibus
1372 834 1712 898 latitabant
1756 834 2166 917 scorpiones,
2227 832 2401 917 quod
2440 843 2657 902 maen

314 943 790 1032 ignoravimus,
829 957 1172 1024 quousque
1215 940 1566 1005 luminibus
1607 948 1943 1004 ostensum
1987 939 2109 1003 tuit
2144 941 2355 1003 nobis.
2420 939 2659 1003 Sarra„-

314 1048 465 1114 oeni
526 1054 741 1110 autem
803 1043 1107 1110 videntes
1168 1063 1292 1110 nos
1368 1045 1773 1130 trepidantes
1853 1044 2190 1129 dicebant,
2278 1045 2453 1136 quod
2512 1046 2661 1110 sine

314 1152 545 1240 timore
593 1150 1101 1235 quiesceremus,
1152 1154 1308 1235 quia
1347 1153 1725 1235 scorpiones
1765 1167 2138 1234 camporum
2181 1168 2309 1214 non
2352 1159 2662 1224 nocerent

314 1258 490 1321 sicut
527 1254 885 1324 domorum.
927 1256 1017 1319 Et
1056 1257 1160 1320 sio
1200 1257 1548 1322 confortati
1592 1256 1810 1320 nullus
1852 1274 1929 1319 se
1974 1254 2057 1320 de
2098 1254 2245 1320 loco
2275 1273 2398 1320 suo
2434 1256 2661 1327 movit.

311 1362 517 1430 Porro
565 1361 755 1424 nobis
796 1360 900 1424 sic
937 1360 1320 1426 sedentibus
1352 1370 1423 1426 et
1459 1362 1947 1446 quiescentibus
1989 1358 2151 1445 (89
2169 1361 2277 1446 Α)
2322 1362 2477 1426 luna
2507 1368 2662 1438 ante

316 1467 553 1531 faciem
591 1472 885 1530 nostram
928 1474 1157 1530 exorta
1197 1476 1300 1532 est
1314 1512 1336 1551 ,
1395 1469 1466 1532 in
1520 1469 1710 1532 cuius
1766 1476 1911 1532 ortu
1967 1467 2300 1556 singulare
2349 1465 2660 1550 gaudium

316 1571 693 1654 habuimus3
740 1569 872 1636 illis
915 1571 1111 1653 enim,
1151 1571 1265 1654 qui
1306 1572 1584 1636 dormire
1624 1590 1755 1637 non
1797 1581 2091 1657 possunt,
2145 1569 2496 1655 Jocundum
2558 1578 2664 1634 est

318 1675 633 1761 quidquid
676 1674 1004 1757 intercipit
1043 1676 1348 1740 tenebras
1385 1686 1456 1740 et
1498 1676 1762 1742 umbras
1821 1679 2026 1763 fugat.
2109 1677 2352 1742 Nullus
2391 1681 2662 1744 ”mnus

315 1781 544 1845 oculos
586 1787 846 1843 nostros
890 1779 1150 1843 tenebat
1163 1824 1185 1863 ,
1227 1800 1354 1846 nec
1391 1780 1692 1850 dormitio
1733 1783 2081 1868 palpebras
2120 1783 2476 1868 gravabat,
2534 1798 2661 1852 m

316 1897 610 1969 tempora
684 1884 974 1967 requiem
1033 1886 1362 1968 optabant.
1479 1885 1802 1966 Qsmvis
1878 1890 2052 1952 enim
2125 1886 2450 1952 lassitudo
2507 1894 2660 1970 post

316 1991 602 2055 laborem
662 2007 960 2054 somnum
1023 1990 1403 2056 naturaliter
1463 2000 1745 2077 causetf
1801 2001 1871 2057 et
1946 2011 2069 2057 nos
2138 1992 2301 2057 lassi
2364 1992 2660 2074 fessique

317 2114 638 2179 essemus,
662 2095 820 2180 quia
859 2101 1079 2159 tamen
1122 2099 1339 2160 omnia
1369 2105 1597 2162 nestra
1644 2104 1786 2163 tota
1824 2098 1893 2161 in
1933 2097 2293 2162 sensitivas
2331 2096 2687 2182 potentias⁸

313 2199 780 2285 quodammodo
796 2218 1087 2284 expansa
1096 2201 1504 2286 videbantur,
1517 2201 1987 2285 impediebatur
1998 2220 2299 2278 somnus:
2316 2201 2473 2268 nibil
2488 2200 2660 2264 enim
2676 2265 2685 2272 ,

315 2307 448 2371 nisi
474 2305 702 2370 videre
743 2314 810 2369 et
848 2307 1350 2388 circumspicere
1374 2306 1768 2374 desiderium
1795 2307 2051 2370 animae
2074 2315 2337 2396 nostrae
2361 2304 2654 2392 expetiit,

323 2421 393 2476 et
431 2411 524 2476 ita
563 2418 710 2475 tota
762 2411 980 2474 anima
1035 2409 1380 2474 videbatur
1438 2411 1523 2475 ad
1580 2411 1810 2476 ooulos
1866 2420 2231 2494 contracta,
2286 2427 2456 2494 quae
2526 2426 2689 2471 non.

323 2517 452 2581 nisi
491 2515 576 2579 ad
617 2513 971 2579 videndum
1034 2523 1177 2579 erat
1222 2514 1525 2580 sollicita.
1612 2516 1770 2580 Ideo
1824 2515 1996 2579 haec
2046 2501 2415 2580 sollicitudo
2446 2529 2691 2585 ωσι»,

316 2641 472 2686 num
514 2622 578 2684 ei
599 2618 895 2701 abstulit3
938 2618 1391 2684 Ecclesiastici
1431 2622 1535 2684 42.
1555 2640 1571 2683 ε
1595 2622 1922 2705 cogitatus
1965 2620 2063 2683 eis
2104 2620 2315 2683 aufert
2338 2637 2655 2706 somnum.

317 2726 511 2790 Diem
586 2724 758 2786 enim
838 2724 1123 2788 futurum
1198 2722 1653 2790 ardentissimo
1731 2724 2054 2789 desiderio
2128 2723 2656 2808 expectavimus,

316 2830 608 2894 scientes
650 2844 773 2892 nos
815 2828 1073 2894 visuros
1113 2830 1444 2893 civitatem
1488 2830 1888 2915 praeclaram
1929 2829 2320 2893 Jerusalem.
2381 2827 2486 2892 De
2525 2843 2658 2910 qua

316 2935 390 3002 S.
435 2932 677 2999 'l'obias
717 2932 915 3017 louge
959 2936 1042 2997 ab
1082 2953 1166 2998 ea
1204 2934 1461 3000 distans
1497 2934 1787 3000 dicebat:
1843 2933 2077 3000 beatus
2116 2953 2264 3016 ero,
2318 2933 2381 2997 si
2417 2932 2658 3004 suerint

318 3037 631 3128 renquiae
670 3037 943 3102 seminis
984 3040 1111 3104 mei
1152 3039 1237 3103 ad
1277 3039 1632 3105 videndam
1673 3040 2029 3106 claritatem
2064 3037 2452 3104 Jerusalem.
2493 3036 2652 3101 Τοῦ.

318 3145 423 3215 13.
504 3146 594 3208 Et
657 3142 826 3207 alius
896 3141 1094 3212 dixitz
1157 3154 1424 3229 propter
1478 3145 1666 3229 Syon
1727 3165 1858 3211 uon
1918 3148 2152 3210 tacebo
2170 3189 2192 3228 ,
2264 3145 2332 3206 et
2393 3150 2657 3227 propter

313 3249 682 3314 Jerusalem
720 3266 850 3312 non
885 3249 1248 3332 quiescam:
1291 3250 1598 3335 Esajfflt.
1641 3252 1729 3315 Et
1770 3251 1918 3335 quis
1960 3270 2091 3315 non
2126 3257 2394 3333 cuperet
2428 3247 2657 3312 videre
2686 3313 2695 3320 ,

311 3354 644 3419 civitatem
684 3352 859 3416 illam
882 3353 1177 3436 electam,
1220 3356 1308 3420 de
1349 3374 1480 3440 qus
1499 3356 1564 3420 2.
1603 3356 1881 3440 Paralip.
1906 3355 2006 3418 δα
2051 3354 2226 3438 eleg-i
2261 3352 2655 3437 Jerusalem,

316 3467 391 3522 ut
437 3460 530 3523 sit
566 3477 799 3522 nomen
855 3476 1066 3522 meum
1123 3460 1233 3523 ibi.
1318 3463 1506 3524 Haec
1547 3460 1717 3524 enim
1767 3469 1872 3526 est
1925 3460 2182 3542 civitas,
2222 3459 2291 3522 in
2333 3474 2465 3541 qua
2510 3456 2657 3521 Deo

317 3563 658 3628 solvuntur
697 3560 926 3626 landes
966 3570 1034 3626 et
1079 3571 1268 3647 veta,
1302 3565 1545 3629 Psalm.
1587 3566 1693 3630 65.
1736 3566 1836 3628 're
1884 3563 2072 3628 decet
2120 3564 2428 3647 hymnus,
2469 3563 2655 3628 Deus

317 3671 386 3734 in
426 3668 633 3752 Syos,
676 3675 747 3732 et
789 3667 908 3730 tibi
949 3667 1256 3731 reddetur
1293 3678 1515 3734 votum
1554 3670 1624 3734 in
1664 3669 2051 3734 Jerusalem.
2117 3666 2284 3746 Quis
2328 3668 2441 3734 det
2478 3669 2655 3752 mihi,

315 3773 527 3858 inquit
577 3772 964 3856 peregrinus
1017 3772 1449 3857 affectuosus,
1500 3782 1579 3838 ut
1642 3793 1775 3839 nox
1829 3777 1996 3840 haec
2057 3772 2382 3857 discedat,
2439 3782 2509 3837 et
2552 3773 2656 3837 sol

315 3877 599 3944 festinus
641 3879 901 3963 veniat,
943 3887 1017 3944 ut
1056 3878 1316 3944 videam
1357 3878 1759 3962 Jerusalem,
1803 3880 2262 3947 exultationem
2303 3861 2658 3943 universae

317 3992 567 4065 terrae,
620 3982 950 4047 civitatem
1005 3985 1182 4069 regis
1224 3985 1442 4068 magui
1484 3993 1553 4048 et
1590 3985 1718 4049 Dei
1757 3986 2012 4050 summi.
2071 3985 2129 4050 0
2173 3987 2232 4050 si
2275 3985 2425 4070 quis
2466 3984 2659 4049 audi-

316 4086 530 4151 visset
594 4087 708 4154 illa
778 4096 972 4152 nocte
1028 4088 1502 4173 postulationes
1570 4089 2034 4155 desideriorum
2107 4100 2472 4155 nostrorum
2535 4105 2655 4173 pro

316 4191 462 4260 sole
524 4200 592 4255 et
653 4192 764 4256 die
816 4194 1034 4259 futura
1044 4240 1067 4278 ,
1130 4195 1374 4279 pariter
1439 4211 1759 4259 accensus
1828 4214 1961 4260 una
2012 4194 2351 4261 nobiscum
2412 4196 2655 4260 fuisset

316 4296 643 4368 desiderio
683 4298 948 4364 videndi
988 4299 1375 4365 Jerusalem.
1433 4300 1879 4367 Accubuimus
1918 4318 2118 4385 super
2159 4299 2411 4385 lapides
2454 4297 2653 4362 duros

315 4403 488 4470 siout
521 4403 738 4468 Jacob
771 4403 941 4470 Gen.
986 4405 1093 4472 88.
1137 4413 1209 4469 et
1252 4405 1416 4473 socii
1471 4408 1885 4489 scorpionum
1946 4406 2060 4472 illa
2121 4415 2315 4472 nocte
2370 4409 2653 4483 eramus,
