3242 5259
1444 326 1534 391 45

289 506 633 589 venimus,
671 505 740 569 iu
783 519 926 590 quo
951 503 1037 569 de
1077 505 1246 589 pede
1285 508 1524 596 mentis
1561 499 1711 574 fon's
1752 509 1950 574 vivus
2003 522 2283 599 emanat,
2323 513 2409 579 ad
2451 531 2645 602 quem

315 612 536 694 ejecta
567 611 809 675 bareca
849 608 1118 680 uolenti
1151 629 1300 678 omn
1342 614 1554 682 billis
1590 616 1985 701 navigates
2038 629 2368 685 recentem
2407 639 2644 706 aquam

289 717 380 782 ad
469 713 746 798 Galeam
828 714 1128 792 tulerunt,
1257 716 1509 797 Quibus
1593 719 1873 788 Galeam
1946 723 2332 790 imi-antibus
2408 744 2645 791 eccur-

297 832 524 888 rerunt
584 839 812 887 omnes
855 821 940 885 de
990 824 1132 886 stus
1172 826 1642 889 mansiunculis
1682 834 1752 889 et
1792 827 2045 891 cumbis
2109 846 2258 893 cum
2320 832 2639 917 scutellis,
2674 833 2701 862 '

287 928 650 992 crateribus
668 972 691 1011 ,
733 927 968 992 cinthia
986 973 1009 1012 ‚
1061 929 1256 993 vialis
1298 932 1729 1020 flasconibus,
1770 933 1961 996 vitris
2026 941 2093 997 et
2133 935 2506 1002 bancalibus
2552 938 2641 1004 ιιι
2696 915 2709 930 “

286 1032 784 1097 mendicandum
886 1051 1123 1118 aquam
1184 1052 1227 1097 a
1329 1033 1627 1100 Galeotis
1708 1045 1772 1100 et
1865 1037 2253 1102 Barcaleris.
2362 1040 2449 1104 Et
2517 1042 2640 1108 fuit

291 1147 478 1201 tanta
532 1140 932 1221 compressio
985 1158 1103 1222 pro
1147 1157 1317 1225 aqua
1324 1184 1348 1224 ,
1413 1151 1725 1224 quantam
1770 1159 2101 1226 nunquam
2142 1143 2279 1212 vidi
2318 1161 2436 1228 pro
2478 1147 2635 1212 vino

286 1252 402 1306 aut
439 1263 559 1330 pro
601 1261 788 1327 pme.
861 1244 1184 1335 'Libenter
1240 1255 1458 1309 autem
1522 1255 1589 1309 et
1630 1246 1923 1310 hilariter
1975 1266 2210 1332 aquam
2269 1249 2635 1315 diviserunt

284 1349 586 1430 singulis.
671 1350 778 1414 Ex
823 1369 1033 1434 aquae
1076 1369 1234 1435 ergo
1277 1352 1559 1414 recentis
1613 1361 1815 1434 gustu
1878 1353 2221 1417 refocillati
2262 1372 2492 1422 sumus
2504 1401 2528 1442 ,
2566 1364 2633 1419 et

286 1454 756 1538 quodammodo
783 1457 1163 1539 reviximus,
1195 1457 1364 1519 sieut
1395 1456 1637 1519 herbae
1667 1465 1734 1518 et
1763 1456 2050 1539 virgulta
2077 1457 2253 1546 89¹ss
2291 1460 2629 1526 ardoribus

285 1560 553 1645 adusta,
609 1569 676 1624 et
739 1560 1072 1623 humiliata
1127 1560 1353 1644 pluvia
1414 1570 1478 1624 et
1540 1562 1705 1625 roris
1758 1561 2136 1644 pert'usione
2200 1564 2647 1640 revirescunt,

285 1667 454 1729 'l'ota
515 1667 689 1729 euim
748 1663 960 1730 Galea
1017 1665 1103 1729 ad
1145 1684 1356 1753 aquae
1417 1676 1683 1749 gustum
1741 1667 2105 1732 exhilarata
2166 1670 2321 1753 tuit,
2385 1678 2453 1732 et
2511 1671 2627 1754 qui

283 1773 465 1855 prius
525 1772 644 1834 vix
704 1779 1005 1853 poterant
1078 1773 1362 1855 spirare,
1432 1771 1568 1854 jam
1621 1772 2017 1854 incipiebant
2077 1783 2361 1838 cantare.
2446 1775 2623 1842 Nam

282 1875 624 1960 laetitiam,
687 1894 880 1960 quam
943 1877 1167 1940 vinum
1235 1878 1476 1941 bonum
1551 1874 1911 1959 temperate
1984 1889 2315 1968 sumptum
2371 1890 2620 1965 causat,

282 1982 456 2046 bane
490 1998 662 2065 aqua
701 1990 850 2066 post
892 1981 1172 2066 longam-
1192 1983 1367 2046 sitim
1406 1981 1627 2052 infert.
1712 1979 2010 2060 Quantas
2053 1985 2497 2049 tribulationes
2553 1994 2622 2050 et

284 2085 582 2152 defectus
660 2088 1157 2152 sustinuerimus
1226 2105 1269 2150 a
1348 2096 1537 2172 portu
1612 2086 1934 2170 Joppeusi
2020 2096 2232 2154 terrae
2312 2101 2619 2176 sanctae,

277 2210 491 2277 usque
554 2194 717 2276 huc,
781 2192 999 2255 dicere
1069 2211 1200 2257 non
1259 2192 1537 2256 sufficio.
1645 2192 1819 2256 Nam
1889 2195 1957 2256 in
2020 2194 2152 2258 illis
2211 2196 2617 2262 miseriarum

276 2308 644 2362 nostrarum
706 2297 935 2362 diebus
990 2300 1259 2362 miratus
1320 2316 1521 2380 saepe
1587 2298 1717 2381 fui,
1785 2297 1961 2382 quod
2026 2300 2219 2365 hemo
2278 2309 2380 2364 est
2450 2301 2619 2366 adeo

277 2403 597 2468 delicatus
637 2405 708 2467 in
747 2412 922 2467 terra
963 2406 1287 2484 existens,
1362 2402 1537 2487 quod
1579 2404 1960 2470 sollicitatur
2021 2406 2211 2489 quasi
2252 2424 2371 2490 per
2411 2412 2617 2470 totum

275 2527 516 2574 annum
557 2508 642 2572 ad
674 2508 994 2591 jejunium
1059 2508 1598 2592 quadragesimae
1641 2519 1705 2572 et
1750 2511 1833 2574 do
1875 2511 2280 2574 abstinentia
2335 2511 2404 2574 in
2445 2528 2619 2593 pane

275 2623 346 2677 et
385 2632 559 2698 aqua
597 2615 666 2682 in
700 2614 1072 2677 Parasceve
1111 2612 1524 2696 perficiendo.
1612 2613 1670 2677 0
1714 2616 1776 2682 si
1818 2617 1887 2678 in
1933 2617 2036 2679 his
2080 2614 2308 2680 diebus
2346 2615 2619 2679 hahuis-

273 2735 497 2783 semus
537 2738 657 2802 pro
685 2719 890 2781 semel
925 2727 1172 2782 tantum
1202 2720 1273 2781 in
1304 2717 1432 2801 die,
1462 2737 1594 2781 uon
1617 2718 1764 2783 dico
1797 2721 1980 2783 cibos
2018 2718 2615 2804 quadragesimales

273 2825 344 2887 in
386 2823 798 2909 abundantia,
818 2823 938 2887 sed
980 2825 1226 2890 victum
1255 2825 1742 2908 parascevalem
1785 2826 1853 2887 in
1873 2823 2162 2908 pandere
2192 2833 2256 2887 et
2292 2840 2617 2906 mensura,

275 2931 702 2995 libentissime
769 2928 1268 3022 jejunassemus.
1372 2931 1450 2991 In
1512 2930 1886 2993 Parasceve
1969 2930 2141 2993 enim
2216 2928 2618 2992 ministratur

265 3035 709 3120 jejunantibus
739 3034 928 3116 panis
963 3033 1152 3096 albus
1194 3051 1424 3097 recem
1462 3043 1528 3097 et
1557 3036 1788 3120 bonus,
1820 3044 1887 3100 et
1926 3053 2098 3118 aqua
2126 3033 2324 3112 clara,
2358 3031 2614 3116 frigida,

273 3141 483 3205 dulcis
545 3148 613 3202 et
675 3140 938 3222 sapida,
1019 3157 1228 3222 quam,
1277 3140 1337 3202 si
1391 3140 1849 3224 habuissemus
1925 3140 2155 3204 falices
2221 3157 2345 3202 uos
2406 3137 2615 3202 fuisse

261 3246 761 3330 judicassemus.
845 3246 944 3308 lut
986 3245 1157 3308 euim
1199 3263 1328 3308 nmt
1373 3254 1512 3308 erat
1553 3245 1831 3328 amplius
1874 3263 2045 3330 aqua
2083 3245 2211 3308 nisi
2253 3244 2510 3327 putrida
2547 3251 2615 3306 et
2734 3287 2743 3296 -

271 3351 737 3433 foetidissima,
822 3359 889 3413 et
967 3350 1028 3414 si
1071 3350 1304 3442 aliquis
1358 3348 1637 3415 Galeota
1725 3352 1950 3415 habuit
2020 3367 2258 3434 aquam
2327 3348 2613 3413 nondum

269 3458 657 3540 foetentem,
722 3456 1020 3520 emebant
1063 3475 1209 3519 eam
1263 3459 1623 3541 peregrini,
1662 3456 1815 3540 (B)
1861 3457 2088 3540 majori
2150 3456 2355 3538 pretio
2418 3471 2612 3538 quam

265 3564 530 3647 vinum,
568 3581 700 3625 non
742 3562 1042 3625 obstante
1082 3560 1312 3644 etiam,
1376 3562 1550 3647 qued
1592 3572 1733 3628 erat
1772 3562 2022 3645 calida,
2062 3569 2133 3626 et
2169 3558 2417 3643 albida,
2479 3576 2609 3622 nou
2710 3587 2729 3604 ·
2762 3563 2773 3576 '

267 3669 528 3733 omnino
587 3666 787 3736 clara.
879 3666 967 3728 Et
1040 3665 1213 3748 quod
1277 3667 1382 3730 his
1444 3668 1657 3751 magis
1728 3666 2020 3732 mirabile
2080 3673 2183 3728 est
2246 3665 2416 3748 apud
2479 3682 2615 3726 non

263 3782 623 3857 expertum,
655 3780 722 3834 et
763 3769 1133 3835 miserabile
1159 3772 1334 3856 apud
1376 3781 1703 3858 expertos,
1737 3773 2006 3834 intanta
2036 3788 2293 3833 eramus
2327 3770 2609 3853 miseria,
2750 3753 2761 3764 ⁶

267 3887 337 3942 et
378 3878 766 3962 defectione,
809 3875 984 3963 quo'd
1025 3896 1235 3962 aquae
1271 3878 1569 3963 putridae
1611 3887 1678 3940 et
1720 3875 1999 3939 foetidae
2040 3883 2223 3938 erant
2262 3875 2610 3956 pretiosae,

265 3992 336 4047 et
375 4001 616 4068 magna
663 3990 805 4046 erat
845 4001 1003 4048 cura
1042 3984 1302 4047 domino
1325 3984 1612 4048 Patrono
1648 3991 1718 4046 et
1759 3982 2043 4048 omnium
2080 3982 2610 4064 gubernatorum,
2698 4027 2713 4038 .

267 4107 353 4152 ne
387 4098 456 4153 et
497 4088 651 4152 illae
689 4106 900 4174 aquae
939 4090 1127 4153 uobis
1169 4081 1544 4154 deficerent.
1640 4087 1891 4152 Idcirco
1931 4087 2255 4176 prohibuit
2291 4084 2611 4148 Dominus
2734 4115 2751 4132 ·

265 4193 611 4278 Patronus,
667 4213 753 4256 ne
833 4193 1227 4260 Cellerarius
1308 4195 1577 4260 ulterius
1655 4201 1879 4278 potum
1963 4207 2172 4277 aquae
2242 4186 2611 4275 hujusmodi

269 4299 501 4362 bestiis
585 4299 1018 4382 ministraret,
1103 4317 1272 4384 quae
1344 4301 1416 4363 iu
1508 4298 1766 4366 stabulo
1853 4299 2117 4364 stabant
2193 4293 2609 4375 mactandae,
2650 4297 2665 4308 '

270 4402 394 4468 sed
457 4414 902 4469 reservaretur
964 4404 1366 4488 hominibus,
1441 4422 1607 4489 quos
1665 4404 1777 4470 siti
1834 4405 1998 4470 mori
2062 4399 2389 4466 crudelius
2432 4405 2611 4461 esset
2636 4403 2657 4424 ⁴
