3242 5259
579 414 852 486 minum
892 421 993 478 est
1037 406 1308 494 οἱα,ιώ
1349 408 1462 472 alii
1506 406 2217 494 lapides‘pbrriguntnr
2262 410 2408 476 loce
2440 426 2641 476 verae
2676 417 2922 498 petrae.

575 503 856 602 Se‘mper
894 518 1065 579 enim
1110 522 1341 578 assunt
1382 514 1704 578 dominice
1748 499 2097 597 sepulchro
2141 514 2484 598 custodes,
2548 501 2679 598 qui'
2700 511 2955 596 prohi-'

579 619 736 684 nent
771 619 1114 683 corrodere
1171 617 1490 684 volentes.
1569 617 1725 682 Ideo
1767 638 1899 690 non
1940 620 2153 703 valet,
2224 618 2398 703 quod
2440 619 2535 681 illi
2577 617 2799 682 dicunt
2841 615 2931 682 de

580 723 930 798 indiscreta
976 722 1322 787 devotione
1369 719 1693 805 fidelium,
1750 727 1898 809 qui,
1943 734 2010 788 et
2049 725 2111 787 si
2148 724 2440 788 habeant
2495 720 2929 787 illam·iudis·

582 837 831 894 cretam
895 826 1340 912 devotionem,
1395 835 1615 891 tamen
1674 845 1804 893 non
1858 828 2217 894 admittitur
2259 829 2389 920 eis,
2447 837 2519 892 ut
2578 825 2929 890 indiscrete

583 940 799 1017 agant.

754 1059 859 1123 Ex
899 1058 1247 1144 praedietis
1265 1060 1484 1122 -etiam
1553 1067 1769 1143 patet,
1832 1057 2007 1144 quod
2062 1058 2449 1124 dominicum
2498 1054 2927 1154 ‚sepulchrum

569 1166 656 1228 ·in
697 1166 1016 1249 principio
1053 1164 1282 1233 habuit
1324 1172 1572 1247 partem
1615 1168 2015 1249 superiorem
2059 1173 2333 1248 acinam,
2377 1164 2487 1247 ita,
2529 1161 2702 1247 quod
2740 1158 2932 1244 quasi

582 1269 970 1353 operculum
1035 1278 1247 1352 esset,
1316 1277 1550 1353 tegens
1621 1270 1939 1334 tumulum
2008 1287 2157 1333 cum
2215 1269 2407 1333 dorso
2458 1275 2688 1349 acuto,
2756 1265 2931 1327 sicut

582 1374 724 1442 fleri
769 1374 986 1438 solent
1028 1374 1415 1437 tumulorum
1479 1373 1787 1456 opercula
1808 1419 1829 1458 ,
1888 1373 2010 1437 sed
2052 1372 2281 1437 fideles
2324 1374 2706 1436 abraserunt
2753 1367 2933 1440 illam

583 1453 1065 1561 elevationem,
1108 1487 1180 1546 et
1212 1478 1608 1566 operculum·
1642 1478 1905 1562 planum
1973 1478 2301 1562 fecerunt,
2374 1479 2572 1561 quasi
2624 1474 2934 1555 tabulam,

584 1592 655 1646 ut
686 1583 900 1645 Missa
929 1585 1009 1645 *ln
1056 1592 1288 1647 sancto
1327 1583 1677 1667 sepulclrc
1721 1600 1922 1667 super
1965 1585 2242 1647 tumbam
2285 1592 2512 1666 posset
2554 1571 2885 1646 celebrari.

749 1709 856 1772 Ex
892 1710 1187 1773 omnibus
1245 1708 1384 1790 jam
1444 1710 1636 1773 dictis
1702 1708 1789 1771 de
1840 1715 2072 1774 sancto
2132 1709 2478 1794 sepulchro
2533 1707 2657 1772 hoc
2711 1711 2934 1769 teneat

585 1812 861 1877 devotus
894 1815 1277 1897 peregrinus
1321 1822 1388 1877 et
1427 1815 1764 1898 pacificus,
1808 1814 2003 1899 quod,
2047 1818 2196 1878 sive
2234 1816 2350 1879 illa
2390 1813 2725 1898 spelunca,
2762 1826 2935 1894 quae

587 1916 782 1982 hodie
819 1925 990 2020 ΒΨ,
1033 1920 1122 1980 sit
1161 1938 1389 1981 verum
1434 1919 1682 1982 Christi
1740 1929 2220 1983 monumentum
2263 1929 2334 1983 et
2395 1928 2616 2001 totum,
2658 1918 2806 1979 sive
2846 1905 2959 1976 sit

586 2041 742 2106 pars
783 2021 926 2106 ejus
967 2021 1094 2105 ibi,
1134 2023 1279 2085 sive
1320 2019 1478 2085 nihil
1521 2025 1613 2087 sit
1671 2025 1760 2088 ibi
1805 2023 1887 2087 de
1929 2043 2039 2108 eo,
2079 2042 2307 2108 parum
2351 2024 2581 2107 refert,
2623 2022 2770 2086 sive
2807 2020 2936 2083 hoc

585 2127 732 2190 sive
776 2126 936 2191 illud
977 2128 1104 2209 sit,
1148 2128 1302 2210 quia
1372 2128 1731 2211 principale
1787 2130 1877 2192 ibi
1937 2130 2207 2212 mansit,
2246 2127 2419 2211 quod
2485 2127 2808 2212 asportari
2868 2132 2935 2186 et

585 2231 876 2296 demoliri
941 2232 1311 2296 nullatenus
1355 2241 1595 2314 potest,
1635 2211 1890 2297 scilicet
1932 2233 2117 2297 locus
2182 2235 2640 2299 sanctissimae
2698 2231 2931 2314 sepul-

588 2337 771 2400 t'nrae
809 2346 876 2404 et
937 2339 1441 2406 resurrectionis
1500 2337 1779 2428 Christi,
1835 2339 1902 2401 in
1947 2357 2077 2422 quo
2119 2338 2285 2422 loco,
2328 2339 2453 2402 etsi
2516 2357 2645 2404 non
2701 2339 2790 2400 sit
2847 2337 2936 2400 ibi

588 2433 834 2508 Christi
905 2450 1431 2524 monumentum,
1495 2441 1564 2505 in
1607 2461 1753 2530 qut>⁶
1790 2460 2026 2527 corpus
2078 2442 2226 2526 ejus
2283 2443 2410 2507 fuit
2467 2446 2786 2529 positum,
2834 2448 2938 2505 est

587 2547 802 2609 tamen
845 2547 935 2610 ibi
977 2544 1223 2610 Christi
1266 2557 1727 2630 moumentum,
1770 2549 1836 2610 in
1888 2568 2015 2633 quo
2064 2565 2300 2633 corpus
2342 2544 2485 2630 ejus
2554 2546 2938 2631 saepissime

589 2651 714 2714 fuit
750 2660 1231 2736 consecratum,
1276 2659 1343 2715 et
1391 2654 1589 2736 priori
1650 2663 2073 2734 monumento,
2130 2652 2520 2716 simillimum
2548 2699 2571 2737 ,
2625 2652 2940 2736 spelunca

589 2751 828 2840 duplex
849 2801 870 2840 ,
930 2755 1218 2840 ejusdem
1274 2749 1679 2841 sanctitatis',
1721 2757 2060 2841 dignitatis
2084 2801 2106 2840 ,
2159 2765 2225 2820 et
2269 2737 2713 2839 reverentiae3
2767 2758 2941 2820 sicut

565 2853 869 2946 ‘tabulae,
912 2875 1074 2945 quas
1119 2861 1376 2926 fecerat
1417 2862 1695 2947 Moyses
1736 2863 1820 2926 ad
1860 2866 2071 2928 instar
2094 2862 2399 2947 priorum,
2429 2879 2597 2947 quas
2640 2864 2941 2946 fregerat,

592 2966 822 3029 eadem
860 2975 1219 3050 praecepta
1257 2967 1717 3054 continebant,
1761 2949 1826 3030 e't
1869 2967 2165 3050 ejusdem
2204 2967 2571 3032 sanctitatis
2635 2977 2702 3031 et
2746 2984 2943 3031 reve-

595 3071 839 3133 tentiae
916 3078 1103 3134 erant
1172 3089 1289 3152 pro
1346 3073 1646 3136 maximis
1700 3079 1770 3135 et
1839 3073 2276 3137 sanctissimis
2344 3072 2633 3155 reliquiis
2682 3072 2748 3136 in
2791 3091 2947 3137 arca

592 3173 967 3236 testamenti
1016 3174 1338 3257 repositis.
1421 3176 1511 3239 Et
1561 3176 1678 3239 illa
1719 3175 2051 3241 sufficiant
2084 3176 2169 3241 de
2206 3187 2436 3241 sancto
2478 3178 2840 3260 sepulchro.

763 3276 1009 3359 Repeti
1042 3278 1111 3342 in
1155 3278 1536 3362 quibusdam
1603 3281 1887 3365 antiquis
1949 3282 2470 3366 peregi-finalibus
2524 3281 2761 3364 libellis
2826 3299 2946 3346 se-

595 3389 872 3465 quentes
934 3400 1203 3469 versus,
1271 3403 1440 3468 quos
1505 3386 1896 3449 invenerunt
1961 3386 2284 3469 lapidibus
2340 3391 2556 3452 sancti
2618 3388 2949 3471 sepulchri

596 3487 980 3573 insculptos,
1028 3507 1222 3574 quam
1264 3498 1484 3553 tamen
1521 3491 1914 3574 scripturam
1959 3503 2084 3575 ego
2124 3474 2255 3554 non
2294 3491 2448 3556 vidi.

966 3635 1181 3720 Super
1229 3637 1514 3704 tabulam
1553 3637 1884 3722 sepulchri
1933 3639 2037 3703 sic
2077 3647 2237 3727 erat·
2258 3640 2602 3724 scriptum:
2734 3643 2747 3654 '

757 3740 1062 3806 Mortuus
1103 3743 1211 3808 llic
1245 3742 1472 3826 jacuit,
1519 3753 1793 3822 mortem
1834 3744 1989 3810 dum
2032 3752 2242 3808 morte
2284 3745 2580 3829 redemit,

762 3847 892 3909 Hic
933 3846 1036 3910 leo
1073 3847 1397 3934 dormivit,
1452 3850 1570 3932 qui
1609 3847 1889 3933 pervigil
1930 3849 2148 3942 omnia
2193 3849 2386 3912 trivit.

943 3972 1159 4057 Super
1197 3976 1430 4038 ostium
1473 3977 1871 4042 monumenti
1913 3980 2016 4041 sic
2057 3974 2368 4060 scriptum
2418 3975 2592 4043 erd'tz

762 4074 1009 4161 Aspice
1047 4077 1301 4162 plasma
1337 4098 1570 4165 meum,
1612 4081 1726 4166 qui
1768 4083 2009 4150 tremis
2046 4090 2204 4149 ante
2242 4082 2652 4168 sepulchrum
2688 4089 2693 4096 '

665 4221 678 4234 -
761 4178 908 4260 Quo
950 4183 1159 4248 triduo
1203 4183 1404 4271 jacui,
1445 4204 1591 4250 cum
1631 4205 1749 4271 mo
1791 4197 1859 4253 te
1898 4177 2157 4272 passus'
2188 4190 2383 4276 chivi,
2420 4217 2429 4226 ·

773 4289 865 4350 Et
910 4287 1266 4358 Behemoth
1309 4287 1513 4356 dirum
1541 4294 1823 4362 contrivi
1864 4293 2176 4379 compde
2222 4294 2501 4379 plexum.
