3242 5259
548 465 731 532 sotus
771 471 875 528 est
913 463 981 528 in
1025 461 1308 529 eooloeia
1348 460 1480 545 illa,
1524 470 1592 526 et
1630 479 1857 527 aurem
1896 480 2097 547 super
2152 477 2231 528 os
2294 462 2620 528 cisternae
2680 469 2885 548 tenu,

548 568 766 651 audit,
815 575 891 631 ut
925 567 1075 634 sibi
1148 566 1404 632 videtur
1422 611 1445 649 ,
1508 568 1792 632 sonitum
1855 567 2334 632 decurrentium
2396 585 2712 654 equarum
2762 569 2888 634 sub

548 685 743 764 terra.
824 671 963 738 Alii
1001 670 1248 755 dicunt,
1290 670 1465 755 quod
1510 670 1664 736 fons
1716 672 1829 736 ille
1868 691 2073 760 aquas
2127 673 2371 740 haheat
2427 673 2513 738 (le
2572 673 2892 741 Par-mse

547 780 824 846 fluentes
864 777 932 840 in
952 776 1260 842 honorem
1290 776 1524 840 heatae
1564 775 1861 861 Virginis
1897 788 1969 842 et
2024 789 2317 846 nostram
2360 776 2894 844 enunciationem.

545 885 702 950 Nou
740 889 1018 966 possunt
1058 881 1284 965 utique
1321 897 1478 946 esse
1521 900 1734 965 aquae
1768 882 2115 970 pluviales,
2164 902 2314 948 cum
2339 884 2534 948 nimis
2566 882 2899 967 profunda

548 992 616 1053 in
657 996 872 1054 ton-ae
909 985 1273 1072 visceribus
1312 986 1400 1050 sit
1439 988 1726 1052 cisterna
1766 988 1896 1052 illa.
1942 992 2027 1054 Et
2069 997 2317 1054 tantum
2360 986 2446 1053 de
2486 986 2619 1052 illo.
2664 986 2871 1070 Vitle,

549 1093 609 1157 si
647 1091 886 1178 placet,
927 1089 1116 1175 plura
1155 1088 1242 1158 de
1284 1091 1411 1158 hoc
1450 1094 1574 1159 suh
1618 1092 1728 1157 die
1762 1095 2203 1162 assumtionis.

704 1379 1027 1460 Sanctus
1078 1379 1414 1460 Thomas
1450 1382 1829 1484 apostolus
1872 1381 1972 1459 ibi
2019 1381 2302 1486 recepit
2345 1376 2708 1478 cingulum
2754 1400 2805 1452 s

1437 1502 1657 1579 beata
1703 1502 2039 1603 Virgine.

721 1682 1053 1747 Laudibus
1089 1682 1287 1762 finitis
1328 1684 1397 1751 in
1442 1684 1555 1752 illa
1587 1694 1824 1751 sancta
1903 1685 2185 1750 ecclesia
2246 1678 2771 1763 reascendimus,
2829 1685 2904 1743 et

558 1797 794 1877 sponte
817 1787 1202 1871 sarraceno,
1247 1787 1507 1853 aedituo
1547 1789 1892 1874 ecclesiae,
1938 1790 2187 1878 sliquos
2229 1786 2535 1860 denarios
2580 1783 2903 1869 dedimus,

559 1901 634 1959 ut
672 1912 751 1960 eo
793 1892 1095 1960 libentius
1132 1891 1278 1976 (B)
1337 1892 1750 1959 Christianos
1771 1895 2124 1960 catholicos
2163 1892 2542 1977 peregrinos
2568 1891 2904 1954 intromit-

560 2005 767 2081 teret,
831 2004 902 2064 et
960 1998 1214 2079 egressi
1268 2000 1728 2070 coemeterium
1785 2000 2226 2070 convertimus
2302 2014 2424 2062 nos
2477 1994 2560 2058 ad
2616 2003 2904 2059 montem

561 2099 826 2186 oliveti,
868 2098 1108 2170 clivum
1155 2100 1299 2189 ejus
1343 2102 1795 2172 ascendentes.
1840 2106 1926 2169 Et
1964 2124 2116 2170 cum
2187 2121 2419 2188 parum
2477 2098 2904 2186 &condisse-

561 2223 730 2291 mus,
771 2202 859 2268 ad
905 2202 1116 2272 locum
1158 2205 1482 2292 venimus,
1537 2210 1650 2276 ubi
1691 2209 1929 2275 dicitur
1971 2211 2242 2275 stetisse
2282 2214 2552 2274 sanctus
2613 2204 2903 2268 Thomas

560 2309 917 2396 apostolus,
958 2309 1025 2371 in
1065 2310 1225 2374 hora
1266 2314 1685 2377 assumtionis
1719 2315 1949 2381 beatae
1962 2314 2282 2398 Virginis,
2307 2320 2377 2376 ct
2418 2307 2692 2376 'audiens
2735 2326 2905 2373 con-

563 2424 823 2486 centum
858 2412 1240 2477 coelestium
1283 2424 1634 2481 turmarum
1674 2420 2001 2504 suspexit,
2035 2425 2102 2481 et
2138 2416 2304 2485 vidit
2340 2425 2607 2484 matrem
2639 2412 2904 2476 Domini

562 2540 714 2590 cum
755 2536 1024 2606 corpore
1064 2526 1134 2581 et
1173 2521 1389 2590 anima
1430 2521 1742 2586 coelestia
1780 2517 1990 2608 regina
2039 2531 2282 2607 petere,
2310 2539 2478 2605 quac
2501 2518 2710 2586 eidem
2746 2536 2908 2602 pro-

558 2627 725 2712 jecit
767 2622 1098 2707 cingulum
1138 2641 1349 2708 mium,
1391 2627 1460 2695 in
1501 2625 1657 2690 fidei
1702 2645 1863 2690 suae
1905 2626 2321 2710 soliditatem,
2342 2625 2518 2710 quod
2546 2643 2695 2688 cum
2728 2622 2907 2686 inef-

570 2730 749 2801 fabili
772 2721 1006 2814 gaudio
1029 2732 1300 2816 recepit,
1345 2728 1543 2813 idque
1581 2713 1985 2816 coapostolis
2008 2730 2500 2813 demonstravit,
2532 2727 2907 2794 certificans

569 2855 688 2908 eos
730 2835 813 2899 do
847 2833 1243 2902 assumtione
1283 2835 1353 2896 in
1395 2853 1665 2919 corpore
1707 2847 1773 2904 et
1817 2839 2047 2906 anima.
2132 2835 2324 2900 Sicut
2363 2837 2536 2898 onim
2584 2834 2693 2898 hic
2738 2849 2905 2918 apo-

569 2942 779 3010 stolus
802 2940 1029 3008 meruit
1052 2935 1302 3007 Christi
1321 2938 1596 3009 vulnera
1638 2951 1926 3025 tangere,
1969 2951 2041 3011 nt
2083 2947 2529 3025 cognosceret,
2573 2936 2908 3005 Christum

569 3064 729 3114 vere
769 3042 1228 3125 resurrexisse,
1270 3042 1369 3106 sic
1410 3046 1641 3110 meruit
1677 3046 2006 3130 cingulum
2031 3046 2331 3130 Virginis
2357 3044 2683 3128 gloriosae
2724 3040 2910 3108 acci-

569 3168 746 3236 pere,
783 3157 855 3210 ut
881 3163 1039 3228 ,eam
1074 3159 1501 3228 cognosceret
1543 3167 1814 3234 corpore
1859 3159 1925 3220 et
1984 3152 2204 3219 anima
2252 3155 2615 3226 assumtum
2676 3145 2906 3218 fuisse.

569 3255 658 3323 Et
714 3251 886 3319 sicut
951 3257 1126 3318 tactu
1180 3249 1518 3320 vulnerum
1574 3254 1846 3338 gloriosi
1907 3253 2152 3324 Christi
2206 3253 2514 3318 solidavit
2585 3251 2654 3314 iu
2715 3250 2910 3313 nobis

571 3354 1064 3425 resurrectionis
1141 3353 1331 3425 fidem
1347 3401 1369 3439 ,
1433 3358 1532 3426 sic
1606 3359 1678 3420 in
1745 3358 1871 3424 hoc
1934 3358 2110 3424 facto
2183 3357 2495 3424 solidavit
2567 3354 2637 3418 in
2714 3354 2909 3418 nohis
2959 3427 2965 3432 ,

574 3463 984 3531 devotionem
1026 3461 1444 3528 assumtionis
1484 3462 1755 3530 Mariae.
1839 3466 1915 3526 In
1974 3465 2100 3529 hoc
2157 3482 2313 3549 ergo
2368 3461 2513 3525 loco
2573 3461 2780 3524 oratio
2788 3476 2910 3522 nes

571 3571 870 3654 signatas
925 3564 1222 3654 legimus,
1282 3573 1349 3630 et
1400 3574 1634 3636 terram
1705 3566 2160 3639 deosculantes
2215 3565 2653 3656 indulgentias
2718 3582 2912 3634 rece-

571 3673 786 3761 pimus
825 3669 959 3758 (³5)-

578 3857 699 3941 De
732 3856 904 3934 loco
956 3856 1307 3933 orationis
1360 3853 1645 3935 Christi
1686 3858 1759 3935 in
1816 3869 2058 3935 monte
2106 3856 2402 3950 oliveti,
2452 3866 2530 3935 et
2577 3856 2911 3957 agoniae,

975 3985 1054 4056 et
1094 3976 1638 4084 peregrinorum
1684 3979 1983 4061 devotio
2031 3979 2102 4058 iu
2150 3978 2280 4057 illo
2324 3977 2517 4056 loco,

745 4154 1242 4242 Consequenter
1281 4166 1614 4247 progressi
1657 4162 1987 4249 paululum
2057 4162 2129 4226 in
2186 4160 2361 4224 clivo
2390 4160 2638 4224 montis
2700 4156 2915 4222 moti

580 4263 750 4329 inter
791 4265 1107 4328 macerias
1152 4261 1478 4330 hortorum
1535 4267 1836 4334 venimus
1892 4267 1975 4331 ad
2039 4284 2118 4331 os
2153 4265 2488 4349 cujusdam
2546 4262 2906 4348 speluncae

583 4377 649 4432 et
684 4383 1011 4436 mentae
1049 4376 1379 4454 petrarum
1398 4378 1654 4458 patens,
1691 4378 1761 4435 et
1802 4372 2084 4458 ingressi
2105 4371 2461 4458 spatiosum
2482 4378 2551 4433 et
2574 4367 2915 4457 pulchrum
