3242 5259
1583 345 1709 411 110

474 530 836 613 Europam,
900 527 987 591 ab
1052 527 1300 590 oriente
1363 525 1630 609 Asiam,
1703 525 1787 590 ad
1863 533 2154 589 austrum
2211 524 2548 590 Affricam.
2636 526 2826 592 Unde

470 636 888 721 peregrinus„
953 634 1066 716 qui
1128 631 1212 694 ad
1272 632 1345 696 S.
1411 631 1838 696 Katharinum
1898 633 2161 714 transit,
2217 641 2354 694 tres
2395 631 2544 694 illas
2603 628 2824 701 mundi

472 750 693 825 partes
738 740 997 821 attingit
1042 740 1109 799 in
1155 738 1333 801 mari.
1417 738 1493 799 ln
1535 738 1800 819 Europa
1854 739 2026 798 enim
2071 737 2385 820 navigare
2444 738 2705 822 incipit,
2757 747 2828 803 et

469 850 540 911 iu
609 843 808 908 Creta
863 852 930 904 et
989 841 1224 906 Rhodo
1291 850 1359 905 et
1424 839 1649 926 Cypro
1708 841 1944 905 Asiam
2005 843 2249 925 tangit,
2312 840 2467 906 dum
2541 862 2702 907 vero
2753 844 2825 907 in

468 949 930 1014 Alexandriam
984 948 1274 1032 Aegypti
1331 948 1662 1031 pervenit,
1727 947 1795 1008 in
1850 945 2101 1011 Affrica
2151 949 2298 1010 erit.
2403 947 2598 1011 Nilus
2651 948 2828 1012 enim

471 1054 699 1119 dividit
740 1054 965 1116 Asiam
1025 1053 1106 1116 ab
1148 1052 1417 1130 Amica,
1470 1053 1539 1115 in
1582 1051 1771 1135 cujus
1814 1046 2186 1117 Affrtcahat
2219 1061 2405 1135 parte
2448 1061 2553 1115 est
2608 1052 2826 1117 Alex-

471 1160 713 1224 andria.
769 1160 970 1223 Porro
1013 1176 1190 1221 mare
1228 1166 1520 1222 nostrum
1564 1159 1974 1221 continuatur
2017 1177 2163 1222 cnm
2208 1157 2468 1220 duobus
2512 1158 2826 1240 praefatis

471 1264 790 1348 martbus,
869 1270 969 1326 et·
1006 1271 1160 1327 sunt
1231 1262 1500 1327 eaedem
1588 1282 1799 1348 aquae
1869 1264 2098 1329 oceani
2178 1263 2424 1346 pontici
2497 1271 2565 1323 et
2625 1265 2826 1327 maris

471 1369 957 1434 mediterranei.
1064 1367 1239 1431 Nam
1314 1387 1400 1431 ex
1487 1383 1735 1429 oceano
1804 1366 1885 1428 ab
1964 1364 2303 1450 Hispaniis
2392 1366 2824 1450 profunditur,

474 1472 793 1558 Galliam,
857 1472 1144 1555 ltaliam,
1207 1472 1534 1555 Siciliam,
1596 1468 1859 1534 Cretam
1915 1483 1983 1535 et
2040 1490 2251 1557 usque
2303 1474 2372 1535 in
2437 1471 2825 1557 Aegyptum

472 1583 837 1664 pertransit.
925 1580 1269 1643 Brachium
1348 1588 1564 1643 autem
1618 1577 1810 1661 illud,
1875 1597 2002 1661 quo
2055 1578 2128 1640 in
2178 1578 2503 1661 Hispania
2577 1595 2824 1641 oceano

467 1684 794 1769 jungitur,
861 1693 1135 1747 vocatur
1188 1684 1546 1766 vulgariter
1606 1683 1901 1748 strictum
1959 1683 2041 1746 de
2083 1683 2357 1746 Maroch
2377 1727 2399 1765 ,
2463 1690 2531 1745 et
2595 1678 2828 1746 dividit

475 1800 747 1872 reg-num
765 1789 1162 1872 Marochiae,
1201 1788 1376 1872 quod
1408 1797 1511 1851 est
1546 1790 1615 1851 in
1646 1787 1916 1873 Affrica,
1942 1789 2021 1851 ab
2054 1788 2413 1871 Hispania3
2463 1789 2633 1850 inter
2659 1805 2826 1871 quas

476 1895 780 1976 reghnes
832 1894 1041 1956 effluit
1085 1912 1262 1956 mare
1304 1894 1837 1957 mediterraneum
1876 1912 1964 1957 ex
2008 1911 2252 1958 oceano
2295 1912 2418 1977 per
2459 1892 2823 1975 praefatum

474 1999 845 2083 brachium,
915 1998 1089 2081 quod
1159 1999 1225 2060 in
1300 1997 1636 2061 latitudine
1703 1996 1820 2060 vix
1888 1998 2085 2061 habet
2159 1998 2455 2082 quartale
2530 1998 2825 2062 miliaris.

479 2103 676 2167 Stant
730 2105 899 2168 enim
966 2104 1286 2167 foeminae
1327 2105 1591 2167 lotrices
1633 2104 1700 2166 in
1760 2110 2035 2186 utraque
2115 2112 2330 2186 parte,
2386 2120 2686 2186 paganae
2755 2102 2824 2165 in

478 2208 750 2272 Maroch
769 2253 789 2292 ,
831 2210 1220 2273 christianae
1260 2210 1326 2272 in
1352 2209 1694 2292 Hispania,
1740 2216 1807 2270 et
1847 2209 2237 2290 corixantur,
2280 2216 2347 2270 et
2386 2208 2478 2271 ibi
2517 2206 2828 2270 dividitur

477 2313 732 2377 Afl’rica
772 2314 853 2376 ab
897 2315 1178 2398 Europa.
1266 2314 1494 2378 Altero
1548 2333 1710 2377 vero
1774 2313 1917 2397 ejus
1983 2312 2251 2376 brachio
2268 2357 2290 2396 ‚
2358 2313 2533 2396 quod
2594 2312 2830 2375 Helle-

480 2427 756 2501 spontus
818 2418 1079 2505 dicitur,
1139 2420 1304 2483 alias
1366 2419 1699 2484 brachium
1742 2418 1814 2482 S.
1873 2419 2124 2500 Georii,
2182 2419 2637 2482 continuantur
2677 2436 2828 2482 cum

487 2525 647 2586 mari
695 2525 994 2608 pontico,
1072 2536 1138 2588 et
1215 2527 1341 2589 hoc
1395 2526 1730 2588 brachium
1807 2521 2037 2586 dividit
2089 2522 2417 2606 Europam
2480 2532 2546 2586 et
2597 2522 2829 2586 Asiam

483 2627 828 2713 minorem,
873 2648 1043 2713 quae
1075 2630 1213 2714 jam
1256 2631 1491 2694 Turcia
1533 2627 1800 2692 dicitur:
1863 2629 2017 2710 quia
2055 2626 2310 2691 'furens
2357 2627 2637 2691 totaliter
2683 2646 2828 2692 eam

488 2735 681 2816 cepit.
804 2733 1136 2819 vulgares
1214 2744 1432 2799 tamen
1513 2735 1847 2798 nominant
1937 2733 2063 2795 hoc
2141 2732 2475 2799 brachium
2541 2733 2829 2797 Buceam

484 2840 1282 2925 constantinopolitanam,
1344 2859 1424 2904 eo
1469 2838 1642 2922 quod
1684 2856 1884 2921 super
1927 2838 2141 2920 ipsum
2186 2839 2257 2901 in
2302 2838 2489 2902 litore
2525 2838 2829 2919 Europae

483 2946 719 3008 civitas
763 2943 1367 3029 Constantinopolis
1432 2951 1536 3007 est
1576 2945 1839 3008 situata.
1931 2942 2055 3006 Ubi
2097 2962 2256 3007 vero
2312 2944 2438 3009 boc
2497 2941 2830 3005 brachium

483 3047 763 3112 derivari
805 3049 1032 3132 incipit
1072 3067 1113 3111 a
1158 3050 1320 3113 mari
1366 3049 1841 3114 mediterraneo
1884 3066 2085 3130 super
2128 3048 2282 3111 litus
2302 3047 2509 3109 Asiae
2542 3044 2831 3134 minoris,

482 3151 719 3216 ‹lleitar
779 3151 985 3215 fuisse
1040 3152 1234 3235 'froja
1273 3153 1386 3216 illa
1429 3155 1694 3237 antiqua
1751 3161 1819 3215 et
1857 3161 2095 3235 potens
2161 3154 2396 3215 civitas
2456 3150 2827 3213 constituta-

481 3256 749 3320 Veritas
813 3264 1029 3320 tamen
1085 3266 1266 3322 certa
1323 3260 1406 3323 de
1468 3257 1595 3322 hoc
1672 3276 1802 3321 non
1872 3258 2175 3343 habetur,
2258 3256 2433 3342 quod
2488 3252 2683 3336 'froja
2732 3253 2826 3317 ibi

482 3363 756 3425 steterit.
823 3361 977 3425 Ideo
1021 3372 1198 3427 recte
1238 3363 1470 3427 dicitur
1510 3381 1691 3427 mare
1731 3371 2027 3427 nostrum
2068 3363 2631 3444 mediterraneum,
2676 3358 2829 3442 quia

482 3476 550 3530 et
587 3474 800 3530 terrae
862 3467 1113 3531 mediae
1167 3468 1534 3552 interjacet,
1606 3478 1672 3531 et
1733 3467 2015 3534 medium
2068 3471 2242 3532 inter
2281 3466 2414 3531 alia
2454 3463 2583 3529 duo
2625 3464 2830 3528 maria

482 3580 679 3635 tenet.
724 3571 832 3636 Ad
873 3574 1003 3638 ista
1045 3575 1168 3636 trIa
1213 3575 1416 3638 maria
1457 3576 1673 3638 omnia
1712 3574 1981 3638 flumina
2014 3575 2203 3638 uobis
2245 3582 2399 3636 nota
2458 3571 2827 3635 decurrunt.

481 3675 818 3741 Danubius
874 3687 1094 3742 noster
1155 3680 1370 3743 omnia
1420 3679 1686 3743 flumina
1739 3681 2050 3743 montium
2115 3679 2548 3742 rhaeticorum
2606 3682 2831 3740 contra

482 3783 791 3847 orientem
851 3784 1125 3848 tendens
1185 3802 1408 3849 secum
1479 3783 1658 3849 (lucit
1716 3785 1787 3848 in
1848 3800 2028 3849 mare
2095 3781 2257 3866 (48
2304 3781 2412 3861 A)
2479 3783 2829 3866 ponticum,

481 3884 656 3969 quod
691 3886 853 3950 alias
896 3888 1128 3953 dicitur
1146 3891 1462 3954 Euxinus.
1520 3890 1798 3953 Rhenus
1839 3891 1906 3952 in
1950 3889 2117 3972 ipsis
2159 3888 2468 3952 rhaeticis
2510 3887 2834 3951 montibus

481 3993 697 4055 oriens
751 4002 976 4056 contra
1018 3994 1418 4059 occidentem
1462 3993 1702 4075 tendit,
1758 4009 2118 4075 secumque
2162 3991 2423 4057 infinita
2461 3993 2726 4071 fiumina
2765 3991 2833 4054 in

481 4112 800 4162 oceanum
864 4100 1195 4181 pertrahit.
1282 4098 1598 4163 Rodanus
1657 4116 1804 4161 cum
1867 4096 2108 4159 Rheno
2168 4097 2238 4158 in
2280 4097 2532 4180 origine
2593 4097 2836 4177 socius,

480 4212 708 4267 contra
776 4203 1151 4269 meridien·
1187 4208 1463 4269 currens*
1532 4218 1761 4277 secum
1842 4200 2096 4284 reliqua
2175 4200 2448 4264 flumina
2514 4201 2584 4261 in
2655 4215 2836 4262 mare

479 4306 888 4392 Tyrrhenum
950 4310 1280 4393 pertrahit.
1380 4308 1498 4373 Sic
1559 4306 1832 4370 Athesis
1897 4324 1984 4369 ex
2042 4304 2296 4391 alpibus
2353 4312 2454 4373 et·
2488 4300 2707 4366 Padus
2770 4310 2837 4365 et

477 4413 722 4478 Brenta
756 4414 1095 4482 trahentes
1136 4413 1491 4501 originem,
1558 4412 1629 4477 in
1671 4429 1850 4477 mare
1891 4408 2428 4476 mediterraneum
2465 4407 2830 4473 decurrunt.
