3242 5259
1633 279 1769 349 m

517 476 788 550 suerius
830 468 898 530 in
938 464 1276 549 amplens
1318 472 1383 527 et
1435 463 1661 530 osenla
1702 479 1851 530 eum
1920 462 2141 530 multis
2183 457 2536 549 lachrymis
2579 464 2657 530 ab
2696 466 2878 530 invi-

524 591 669 640 eem
712 572 910 638 divisi
957 571 1236 654 fuerunt,
1274 588 1391 653 per
1430 569 1733 633 mundum
1775 569 2173 654 universum,
2221 578 2355 634 tres
2413 571 2483 632 in
2540 571 2874 654 orientem,

528 685 668 742 tres
705 681 775 744 in
818 675 1250 758 occidentem,
1311 683 1447 737 tres
1478 678 1555 768 ‚in
1602 674 1973 761 meridiem,
2039 684 2173 740 tres
2215 679 2281 741 in
2345 678 2875 760 septentrionem,

534 789 605 850 ln
666 790 945 868 quatuor
1010 789 1232 866 partes
1294 779 1537 850 mundi.
1632 781 1920 845 Profecti
1987 790 2141 844 sunt
2204 777 2425 844 autem'
2477 780 2874 862 Matthaeus,

525 892 809 958 Thomas
874 897 941 950 et
1003 885 1535 952 Bartholomaeus
1590 905 1740 952 eum
1803 886 2141 970 discipulis
2205 888 2304 951 eis
2369 885 2873 949 adhaerentibus

525 999 592 1062 in
632 992 1008 1060 orientalem
1054 993 1348 1076 plagam3
1392 992 1632 1056 Petrus
1674 1011 1857 1076 vero,
1879 991 2183 1055 Andreas
2227 1000 2294 1054 et
2339 991 2632 1055 Jaeobus
2672 990 2875 1073 major
2906 1003 2927 1022 ²

525 1103 594 1165 in
674 1096 1144 1163 occidentalem
1225 1115 1370 1161 eum
1446 1098 1548 1161 eis
1609 1095 2128 1161 adhaerentibus.
2248 1097 2323 1158 In
2395 1094 2871 1159 meridionalem
2912 1099 2925 1108 “

528 1212 746 1269 autem
787 1208 1250 1285 processerunt
1293 1202 1609 1286 sumbus,
1644 1202 1982 1266 Johannes
2026 1209 2089 1263 et
2111 1201 2424 1264 Matthias
2462 1218 2609 1264 eum
2652 1219 2872 1264 eorum

527 1308 883 1391 discipulis.
929 1308 1006 1369 In
1046 1307 1616 1390 septentrionalem
1659 1326 1820 1372 vero
1848 1305 2098 1390 Symon
2128 1316 2193 1369 et
2216 1305 2564 1369 Thadaeus
2608 1315 2674 1368 et
2714 1305 2874 1369 Pni-

530 1417 746 1499 lippus
785 1431 932 1477 eum
972 1430 1192 1478 eorum
1235 1413 1432 1475 sociis
1474 1410 1927 1496 praedicantes
1965 1412 2224 1495 ubique,
2246 1420 2321 1475 ut
2358 1410 2663 1475 mundum
2705 1427 2871 1494 qua-

533 1520 786 1584 dratum
835 1516 965 1581 fide
1006 1518 1338 1581 Trinitatis
1379 1518 1781 1602 insignirent.
1869 1515 2185 1579 Stetimus
2242 1535 2398 1600 ergo
2440 1518 2507 1581 in
2549 1518 2674 1580 hoe
2709 1517 2872 1598 loeo,

531 1635 600 1689 et
638 1627 891 1706 gratias
916 1623 1059 1686 Deo
1101 1626 1378 1707 egimus,
1417 1624 1527 1708 qui
1570 1622 1652 1685 ab
1695 1622 1849 1685 hine
1891 1628 2158 1685 sanems
2201 1622 2371 1685 misit
2410 1643 2528 1706 per
2571 1621 2872 1685 mundum

531 1728 926 1814 Apostolos,
992 1746 1258 1810 quorum
1302 1726 1433 1791 fide
1492 1726 1823 1810 fulgentes
1888 1726 2019 1789 hue
2082 1727 2334 1791 reducti
2376 1745 2622 1791 sumus.
2706 1727 2873 1790 Pro-

533 1837 719 1900 strati
771 1835 995 1917 itaque
1045 1833 1110 1894 in
1177 1840 1418 1895 terram
1475 1831 1916 1914 indulgentias
1974 1834 2348 1915 accepimus
2406 1832 2547 1916 st).
2634 1834 2708 1895 In
2748 1832 2875 1895 hoe

534 1941 679 2006 loco
718 1940 904 2003 venit
943 1937 1099 2001 mihi
1136 1937 1204 1999 in
1259 1938 1630 2001 memoriam
1679 1936 2111 2001 lamentabilis
2170 1937 2486 2022 quaedam
2547 1939 2878 2019 separatio

537 2057 604 2110 et
659 2045 895 2108 divisio
938 2043 1204 2110 fratrum
1271 2060 1556 2105 meorum
1612 2039 1995 2105 Conventus
2047 2042 2397 2126 Ulmensis‚
2451 2043 2557 2105 eui
2620 2047 2688 2103 et
2747 2057 2877 2123 ego

535 2150 820 2233 interfui,
857 2161 1038 2234 'quae
1083 2147 1202 2210 fuit
1246 2145 1421 2209 faeta
1472 2155 1642 2208 anno
1692 2145 1956 2209 Domini
1999 2145 2165 2211 14⁷6
2199 2148 2343 2229 ipso
2387 2146 2492 2210 die
2534 2145 2874 2210 divisimus

535 2255 1015 2341 Apostolorum.
1102 2249 1268 2330 Quin
1321 2251 1494 2314 euim
1549 2251 1976 2315 adhaesimus
2039 2252 2295 2316 domino
2351 2252 2573 2336 Papae
2613 2261 2679 2315 et
2734 2250 2907 2318 llo-⁵

535 2377 734 2428 mana
764 2358 1124 2441 eeclesiae,
1166 2357 1261 2420 uti
1304 2353 1608 2439 dignum,
1665 2355 1909 2439 justum
1954 2366 2021 2419 et
2060 2364 2357 2420 sanetum
2402 2367 2575 2441 erat,
2638 2358 2876 2421 imo-et

537 2466 1016 2545 necessarium,
1099 2462 1309 2524 eoacti
1375 2462 1617 2525 fuimus
1691 2463 1872 2526 exire
1942 2469 2338 2526 eonventum
2402 2472 2469 2526 et
2542 2464 2874 2525 civitatem

537 2571 943 2652 Ulmensem,
1020 2575 1088 2629 et
1150 2566 1346 2632 divisi
1387 2567 1642 2632 -iuimus
1699 2567 1768 2630 in
1834 2575 2198 2630 conventus
2253 2587 2371 2652 per
2446 2567 2874 2651 provinciam:

540 2675 922 2741 nolebamus
1000 2673 1173 2736 enim
1264 2672 1613 2756 profanare
1679 2680 1747 2735 et
1831 2682 2059 2736 eontra
2139 2673 2499 2755 apostofiea
2576 2670 2878 2734 mandata

540 2780 792 2862 faeere,
835 2786 902 2842 et
949 2778 1278 2844 tenuimus
1320 2777 1735 2842 interdictum
1779 2777 1939 2862 soli,
1982 2785 2049 2841 et
2088 2778 2490 2860 subjecimus
2531 2794 2653 2841 nos
2694 2778 2878 2859 epis-

537 2903 705 2970 eopo
747 2884 898 2949 dato
940 2901 1059 2966 per
1099 2901 1333 2968 popam
1373 2893 1443 2947 et
1483 2883 1881 2968 confirmato,
1924 2892 1995 2947 et
2033 2902 2164 2947 non
2206 2883 2417 2947 eleeto
2458 2901 2575 2966 per
2614 2884 2874 2963 eapitu-

539 2991 671 3055 lum
712 2997 780 3053 et
819 2995 1194 3056 manutento
1255 3007 1375 3070 per
1412 2989 1888 3072 imperatorem.
1972 2989 2222 3052 Verum
2295 2990 2503 3052 tribus
2542 2987 2877 3051 mensibus

545 3093 958 3159 exulavimus
1018 3099 1086 3155 et
1146 3092 1499 3156 reformata
1551 3113 1718 3178 paee
1765 3112 1913 3157 eum
1968 3109 2207 3177 magua
2247 3093 2453 3176 gloria
2513 3100 2581 3156 et
2632 3093 2878 3155 bonore

545 3199 837 3265 revocati
881 3196 1139 3260 hinnu.
1222 3196 1654 3264 Dect-evimus
1696 3213 1855 3282 ergo
1910 3198 2083 3261 diem
2138 3196 2481 3263 divisionis
2523 3196 2880 3280 Apostolo-

540 3323 682 3369 rum
725 3301 1058 3386 perpetuis
1127 3303 1524 3385 temporibus
1587 3304 1865 3368 durante
1907 3301 2259 3367 conventu
2318 3302 2695 3367 solemniter
2753 3303 2877 3365 sub

541 3415 677 3484 toto
721 3405 962 3490 duplici
1006 3405 1180 3472 festo
1221 3407 1584 3492 celebrare,
1646 3411 1715 3472 in
1758 3415 2139 3493 perpetuam
2203 3411 2297 3472 rei
2344 3409 2744 3492 memoriam,
2802 3415 2880 3469 ut

537 3512 788 3597 posteri
829 3512 1033 3575 nostri
1075 3511 1331 3578 discant
1368 3522 1436 3578 et
1475 3514 1722 3597 seiant,
1766 3513 1941 3598 quod
1992 3523 2259 3597 propter
2299 3511 2541 3577 nullam
2602 3512 2879 3576 tribula-

537 3617 778 3681 tionem
845 3616 1123 3680 debeant
1209 3618 1594 3703 apostolicis
1650 3619 1973 3684 mandatis
2043 3620 2396 3683 contraire:
2462 3616 2582 3682 sed
2658 3618 2877 3700 potius

540 3709 820 3806 exulari,
861 3723 989 3786 imo
1030 3732 1097 3787 et
1140 3726 1319 3790 mofl-
1375 3719 1594 3788 Valde
1632 3724 1838 3789 multa
1877 3723 2301 3788 sustinuimus
2342 3731 2635 3808 tempore
2670 3726 2880 3787 inter-

541 3825 697 3891 dieti
709 3871 731 3911 ,
773 3828 965 3912 quasi
1007 3826 1261 3894 duobus
1297 3830 1490 3895 mnis
1531 3829 1802 3895 durante
1844 3838 1971 3892 ete.

548 3989 959 4068 oratorium
1029 3989 1118 4075 S.
1200 3991 1567 4074 Johannis
1626 3992 2187 4094 Evangelistae,
2245 3993 2322 4071 in
2382 4015 2525 4096 quo
2566 3991 2877 4072 Missam

592 4110 1019 4208 celebravit,
1067 4112 1499 4217 virginique
1547 4116 1832 4198 Mariae
1878 4125 2337 4194 sacramenta
2380 4113 2830 4194 ministravit.

706 4250 920 4336 (nob
930 4252 1040 4336 A)
1074 4251 1138 4316 A
1171 4252 1316 4317 loeo
1344 4255 1635 4337 praefato
1664 4253 2045 4320 reeedentes
2081 4261 2556 4339 eonsequenter
2579 4252 2880 4316 venimus

545 4358 627 4422 ad
675 4358 886 4426 locum
942 4357 1141 4424 valde
1197 4357 1539 4438 devotum,
1601 4363 1717 4424 ubi
1778 4357 2101 4446 quondam
2140 4361 2324 4428 stetit
2377 4358 2747 4440 oratorium,
2812 4358 2879 4420 in
