3242 5259
1418 318 1538 383 145

296 497 597 565 cumbam
653 514 841 562 sunm
896 506 965 561 et
1025 497 1151 562 hoc
1215 492 1586 582 frequenter
1650 498 1837 582 facit,
1905 517 2052 566 eum
2109 520 2237 568 non
2279 506 2680 571 noscentes‘

297 604 504 669 furem
546 606 979 686 suspicantur.
1068 600 1145 665 si
1188 612 1409 667 autem
1452 606 1714 667 omnino
1769 614 2035 689 propter
2099 604 2342 672 causas
2381 628 2646 677 manere

297 711 365 771 in
411 710 656 770 stantia
697 722 821 769 sua
862 724 992 769 non
1032 715 1249 789 potest
1258 752 1285 801 ὃ
1334 707 1650 772 ascendat
1717 718 1783 772 et
1824 728 2024 794 super
2065 730 2296 797 onere,
2364 733 2535 798 quae
2574 719 2643 780 in

299 811 699 895 marginibus
738 810 973 893 galeae
1012 821 1184 893 sunt,
1230 811 1483 895 sedeat,
1525 812 1858 898 pedesque
1897 824 2122 879 contra
2177 830 2358 881 mara
2391 818 2643 903 depen-

302 915 459 980 dere
500 916 863 1000 permittat,
926 925 1159 980 tenens
1212 934 1290 980 se
1352 916 1437 980 ad
1500 918 1694 981 funes
1749 919 1922 983 mali.
2007 920 2424 1005 Expetentia.
2441 925 2646 988 multa

303 1023 388 1087 de
440 1022 546 1087 his
578 1020 870 1103 docebit,
926 1039 1097 1105 quae
1136 1022 1329 1085 homo
1370 1023 1437 1084 in
1493 1023 1809 1105 principio
1851 1028 2136 1089 narranti
2177 1028 2293 1090 vix
2330 1028 2637 1093 crederet.

305 1126 562 1195 Caveat
601 1126 988 1209 peregrinus
1031 1125 1184 1191 dum
1217 1126 1519 1210 superius
1571 1126 1656 1190 ad
1698 1128 1978 1214 aliquem
2031 1131 2245 1194 locum
2299 1131 2517 1215 sedet,
2561 1151 2646 1195 ne

304 1250 503 1316 super
547 1232 739 1295 funes
779 1230 1044 1315 sedeat,
1092 1249 1179 1293 ne
1218 1232 1549 1314 inopinate
1589 1236 1742 1295 aere
1778 1243 2023 1299 mutato
2061 1254 2209 1300 cum
2248 1237 2406 1299 fune
2445 1220 2645 1320 pere-³

302 1339 534 1422 grinus
576 1334 950 1418 projiciatur
998 1343 1113 1398 aut
1150 1334 1460 1399 laedatur.
1545 1336 1635 1400 nt
1692 1337 1869 1400 nullo
1913 1338 2103 1403 modo
2162 1360 2358 1405 manu
2419 1342 2648 1427 tingat

303 1442 530 1523 funes,
576 1438 729 1503 dum
763 1458 887 1506 eos,
923 1440 1183 1504 trahunt
1196 1484 1217 1523 ,
1262 1459 1347 1504 ne
1386 1439 1513 1503 sibi
1554 1458 1819 1524 manus,
1882 1451 1994 1507 sut
2038 1444 2280 1529 digitus
2324 1447 2646 1511 violenter

304 1555 586 1628 eruatur,
619 1546 787 1608 sicut
824 1563 1025 1629 saepe
1060 1545 1303 1610 factum
1347 1553 1481 1606 est:
1527 1546 1682 1629 quia
1710 1554 1955 1613 tractus
1987 1548 2084 1612 illi
2116 1560 2269 1615 sunt
2310 1551 2646 1616 fortissimi

305 1661 370 1716 et
413 1651 711 1734 gravium
753 1649 1127 1733 ponderum.
1205 1647 1592 1713 Omisideret
1635 1650 1826 1714 etism
1867 1656 2252 1738 peregrinus
2293 1670 2378 1716 ne
2419 1654 2649 1719 sedeat

304 1756 391 1820 ad
453 1756 664 1821 locum
676 1799 699 1839 ,
765 1754 877 1819 ubi
916 1773 1117 1838 super
1178 1774 1326 1818 enm
1391 1754 1759 1838 dependent
1813 1758 2172 1841 trochleae,
2230 1766 2297 1822 et
2356 1761 2424 1823 in
2486 1778 2648 1824 casu

307 1879 500 1926 arcus
553 1862 699 1944 ipse
756 1868 870 1922 aut
927 1861 1219 1943 graviter
1260 1859 1553 1927 laedatur
1601 1870 1714 1925 aut
1760 1871 1943 1926 certe
1985 1866 2403 1947 extinguatur
2416 1909 2437 1950 ,
2479 1865 2664 1930 sicut.

307 1968 581 2051 contigit
641 1965 739 2030 illi
793 1964 1243 2049 gubernatori,
1317 1965 1401 2029 de
1450 1986 1582 2053 quo
1639 1967 1749 2031 sol.
1798 1967 1896 2031 16.
1942 1968 2016 2031 B.
2062 1968 2321 2033 dictum.
2395 1967 2651 2034 Caveat

308 2074 503 2135 etiam
549 2089 634 2133 ne
672 2068 952 2154 guleotis
990 2071 1446 2154 incipientibus
1489 2089 1749 2136 currere
1774 2072 1858 2136 ad
1902 2074 2157 2138 labores
2212 2074 2647 2158 impedimen-

310 2185 449 2240 tum
491 2192 723 2239 cursus
762 2176 1090 2259 praebeat,
1132 2178 1286 2261 quia
1327 2195 1496 2260 eum,
1538 2177 1600 2241 si
1641 2179 1836 2241 etiam
1881 2178 2118 2241 nobilis
2149 2178 2420 2243 multum
2450 2187 2650 2263 emet,

308 2281 425 2345 vel
444 2328 451 2337 .
468 2281 852 2363 episcopus,
908 2279 1175 2344 trudunt
1228 2291 1296 2344 et
1358 2280 1663 2345 deorsum
1720 2281 2062 2366 dejiciunt,
2114 2300 2315 2365 super
2376 2300 2653 2366 eumque

309 2394 735 2470 procurrunt,
774 2387 928 2469 quia
971 2385 1229 2451 labores
1269 2387 1549 2451 navales
1584 2396 1741 2449 sunt
1779 2387 2097 2450 celerrimi
2146 2395 2211 2450 et
2251 2388 2461 2471 ignei,
2527 2404 2653 2451 nec

314 2492 581 2575 capim
620 2508 885 2565 morsm.
968 2488 1116 2554 Nec
1173 2492 1555 2556 intromittat
1594 2509 1672 2553 se
1715 2491 1799 2555 de
1841 2490 2169 2554 laboribus
2224 2511 2483 2577 eorum,
2527 2512 2652 2558 nec

312 2615 574 2661 manum
618 2604 900 2678 apponat
961 2613 1079 2678 pro
1135 2594 1486 2682 adjutorio,
1556 2598 1709 2681 quia
1770 2615 1901 2660 non
1943 2606 2047 2659 est
2101 2597 2200 2659 eis
2254 2606 2542 2680 gratum,
2585 2608 2656 2661 et

312 2703 662 2785 praecipue
722 2709 1037 2769 nocturno
1101 2711 1394 2786 tempore
1454 2722 1585 2766 non
1649 2710 1910 2765 maneat
1965 2701 2266 2784 superius
2340 2717 2488 2765 cum
2554 2705 2653 2765 eis

319 2811 646 2871 existente
684 2815 1115 2889 tempestate.-
1180 2804 1453 2871 Caveat.
1497 2808 1690 2870 etiam
1732 2815 1806 2869 ut
1848 2815 2039 2869 caute
2098 2823 2358 2873 sessum
2416 2808 2653 2890 capiat,

317 2932 404 2977 ne
442 2912 731 2979 sedendo
770 2913 1073 2994 haereat,
1117 2902 1270 2998 quia
1314 2913 1531 2976 omnia
1571 2920 1725 2975 sunt
1767 2913 1914 2994 pice
1954 2911 2176 2996 linita,
2240 2928 2368 2996 quo
2411 2910 2654 2996 liquato

320 3017 403 3081 ad
444 3017 605 3080 solis
648 3016 965 3098 calorem,
1006 3017 1066 3079 si
1107 3015 1341 3101 aliquis
1385 3017 1669 3101 desuper
1701 3015 1920 3100 sedet,
1961 3018 2333 3100 inquinatus
2375 3016 2654 3081 recedet.

321 3121 564 3186 Videat
606 3125 801 3186 etiam
845 3140 930 3184 ne
971 3139 1174 3185 causa
1212 3122 1428 3187 solatii
1468 3122 1713 3187 sedens
1769 3141 1969 3206 super
2010 3124 2341 3207 margines
2402 3122 2654 3208 galeae,

321 3224 565 3311 aliquid
609 3226 914 3293 dilectum
957 3245 1153 3292 manu
1194 3234 1433 3311 teneat,
1470 3236 1539 3290 et
1579 3228 1705 3290 sibi
1746 3227 1830 3291 de
1870 3246 2067 3292 manu
2098 3230 2165 3292 in
2196 3228 2357 3291 mari
2383 3228 2656 3297 labatur.

320 3332 595 3398 Cnidum
652 3332 851 3397 nobili
893 3332 982 3395 ibi
1025 3350 1274 3395 mecum
1337 3332 1591 3396 sedenti
1634 3330 1888 3396 cecidit·
1921 3350 2124 3415 unum
2179 3341 2657 3415 paternostrum

326 3436 411 3500 de
474 3436 796 3521 lapidibus
848 3436 1189 3521 pretiosis,
1255 3436 1428 3520 quod
1494 3437 1620 3500 sibi
1675 3436 1797 3501 suit
1837 3437 2346 3501 dilectissimum
2417 3446 2485 3500 et
2542 3456 2659 3521 pro

322 3542 543 3606 multis
585 3541 840 3607 ducatis
894 3560 1025 3605 non
1088 3539 1414 3622 dedisset,
1470 3549 1538 3603 et
1576 3538 2160 3625 irrecuperabilitbr
2221 3536 2458 3605 amisit}
2542 3541 2662 3605 Sic

322 3648 481 3712 mihi
521 3648 612 3710 ibi
651 3646 906 3710 sedenti
959 3655 1029 3710 et
1067 3645 1330 3729 vigilias
1392 3654 1785 3710 mortuorum
1826 3646 2069 3730 legenti
2124 3645 2361 3710 cecidit
2404 3646 2664 3710 libellus

326 3751 411 3816 de
448 3768 648 3817 manu
688 3753 757 3823 in
785 3753 1018 3816 fretum
1069 3758 1135 3813 et
1171 3750 1379 3834 periit,
1415 3759 1482 3813 et
1521 3749 1723 3813 multa
1763 3752 1862 3813 sic
1901 3750 2201 3814 labuntur
2242 3750 2326 3813 de
2367 3752 2664 3815 manibus

326 3857 767 3942 incautorum,
830 3857 1216 3941 praesertim
1259 3864 1549 3938 tempore
1611 3863 1951 3931 ventorum
1992 3856 2148 3944 pilei
2195 3855 2280 3919 de
2318 3857 2660 3940 capitibus.

330 3960 586 4027 Caveat
625 3966 822 4029 etiam
863 3966 1284 4048 peregrinus,
1326 3980 1412 4024 ne
1451 3968 1648 4025 nocte
1690 3960 1908 4026 lumen
1949 3980 2205 4027 sursum
2251 3946 2494 4047 portet‚'
2515 3960 2668 4049 quid

332 4070 662 4135 marturii
702 4069 829 4133 hoc
869 4070 1030 4133 miro
1072 4065 1262 4134 modo
1304 4067 1511 4131 invite
1551 4066 1814 4152 habent,
1857 4082 1984 4135 nec
2023 4070 2349 4132 sustinere
2390 4072 2667 4150 possunt

328 4171 397 4235 in
440 4191 639 4238 cursu
687 4174 982 4238 laborum
1027 4191 1251 4237 eorum
1292 4172 1554 4235 lumina.
1641 4171 1797 4237 Ideo
1858 4170 1930 4239 in*
1968 4172 2458 4256 tempestatibus
2521 4176 2670 4236 eum

328 4276 650 4341 industria
692 4279 908 4344 omnia
944 4280 1189 4343 lumina
1217 4279 1558 4359 extingunt
1601 4276 2122 4361 «inauraret-ius,
2139 4276 2251 4340 vel
2293 4277 2416 4340 sub
2457 4276 2668 4340 modio

332 4392 604 4464 ponunt.
663 4381 1010 4449 Custodiat
1049 4385 1432 4469 peregrinus
1473 4399 1582 4445 res
1624 4398 1785 4449 suas
1827 4379 2298 4538 diligenter-‚St
2342 4398 2464 4442 nec
2506 4380 2674 4441 inter
