3242 5259
1596 263 1724 333 188

476 456 781 532 met,
806 446 990 527 alias
1012 453 1245 535 «negat,
1288 443 1399 511 ille
1447 443 1770 528 affirmat,
1816 454 1883 509 et
1940 454 2217 532 uterque
2277 463 2437 513 suos
2494 446 2826 532 adjutore-

484 551 801 630 ἀνθιναί,
830 538 898 615 e't
937 547 1325 647 quandqque
1362 550 1660 634 integrae
1702 553 2055 616 societates
2117 546 2533 614 offenduntur
2591 549 2677 641 ιβ
2720 551 2827 617 in-

483 659 721 725 uicem.
846 655 1005 722 Vidi
1054 659 1125 727 ia
1168 657 1408 733 talibus
1457 654 1977 719 contentionibus
2024 653 2406 738 peregrinos
2457 654 2698 737 gladiis
2761 664 2829 718 et

484 762 877 848 pugionibus
911 762 1278 845 evaginatis
1320 768 1550 824 contra
1588 776 1668 822 se
1683 760 2045 844 insurgere,
2084 768 2150 823 et
2186 758 2470 825 horribili
2511 758 2830 824 seditione

484 867 912 943 comlamare.
994 865 1069 929 Si
1110 866 1178 930 in
1229 866 1343 929 tali
1385 862 1707 928 seditione
1750 867 2025 948 scriptor
2055 863 2287 948 galeae
2341 862 2816 949 descendisset,

484 976 591 1041 cui
621 974 910 1055 interest,
950 971 1220 1039 cumbas
1263 968 1619 1055 aequaliter
1666 967 1987 1053 dividere,
2048 987 2092 1033 a
2148 970 2509 1053 peregrinis
2549 968 2829 1033 dilania-

486 1087 594 1145 tus
632 1079 886 1142 fuisset.
930 1076 1176 1160 Litigio
1222 1075 1336 1140 illo
1375 1074 1606 1139 sedato
1648 1073 1759 1138 vel
1801 1093 1930 1145 non
1972 1076 2319 1157 existente,
2361 1073 2559 1157 aliqui
2580 1073 2828 1145 tardius

484 1184 564 1249 a·
605 1181 947 1247 dormitum
983 1189 1230 1263 ponunt
1272 1188 1340 1243 et
1378 1177 1729 1247 luminibus
1779 1179 1943 1263 suis,
1985 1196 2069 1243 ae
2109 1179 2541 1245 locutionibus
2588 1178 2830 1243 diutius

485 1256 830 1372 prmffictis
904 1285 1053 1350 aliis
1115 1284 1374 1355 molesti
1450 1291 1629 1354 sunt.
1721 1282 1877 1347 Vidi
1930 1283 2105 1368 quod
2164 1285 2363 1369 aliqui
2424 1285 2832 1367 impatientes

486 1393 811 1477 peregrini
855 1410 1002 1471 cum
1043 1389 1404 1457 urinaltbus
1446 1389 1587 1453 suis
1620 1387 1958 1471 jactabant
1999 1400 2227 1455 contra
2258 1390 2501 1455 lumina
2541 1388 2834 1453 ardentia

486 1497 573 1561 ad
630 1495 1137 1583 extinguendum
1201 1505 1271 1560 et
1328 1503 1484 1558 tunc
1528 1493 1761 1559 iterum
1816 1495 2266 1559 excitabantur
2316 1513 2555 1578 magna
2604 1494 2831 1577 litigia.

487 1599 711 1685 Aliqui
773 1596 1070 1677 omnibus
1088 1601 1455 1693 *luminibus
1497 1600 1799 1663 extinctis
1835 1599 2154 1684 incipiunt
2192 1618 2340 1664 cum
2379 1602 2521 1663 suis
2561 1598 2834 1663 collate-

488 1705 798 1789 rabilibus
857 1706 1164 1789 expedire
1245 1723 1446 1770 casus
1529 1703 1751 1767 mundi
1776 1748 1798 1788 ,
1872 1714 1940 1769 et
2007 1705 2385 1788 protrahunt
2451 1704 2837 1790 quandoque

489 1828 703 1893 usque
742 1792 1084 1875 ad'noctis
1148 1810 1429 1875 medium
1443 1854 1466 1893 ,
1532 1817 1601 1872 et
1643 1807 1795 1873 dnm
1839 1810 1919 1873 ab
1963 1810 2177 1894 aliquo
2235 1811 2704 1894 corripiuntur,
2763 1817 2837 1874 ut

472 1923 774 2003 qpceant,
794 1915 1071 1998 amplius
1093 1915 1397 1999 clamant,
1439 1923 1508 1978 et
1528 1933 1706 1978 nova
1746 1914 1962 1998 litigia
1974 1914 2315 1997 inchoant5
2359 1924 2424 1979 et
2466 1916 2595 1978 nisi
2635 1915 2836 2000 aliqui

492 2022 769 2087 vinnm
808 2028 907 2085 ete
938 2020 1170 2085 maturi
1223 2019 1556 2103 adessent,
1600 2022 1712 2104 qui
1748 2019 2079 2103 litigantes
2121 2029 2629 2104 compescerent,
2664 2039 2836 2084 nun-

495 2144 689 2211 qnam
741 2145 875 2191 nox
914 2143 1067 2195 cum
1131 2127 1353 2211 quiete
1409 2127 1754 2210 transiret,
1813 2125 2160 2209 praecipue
2224 2126 2482 2208 quando
2537 2126 2627 2190 ibi
2685 2132 2839 2189 sunt

497 2232 737 2301 ebriam
775 2230 1191 2316 Flammingi.
1250 2229 1721 2314 Simbpraeter
1756 2230 1893 2313 jam
1937 2229 2112 2294 dicta
2156 2229 2346 2313 plura
2383 2230 2840 2315 impedimenta

497 2340 737 2423 qums
779 2347 848 2401 et
888 2336 1335 2403 dormitionis.-
1389 2335 1713 2420 Religiosi
1765 2337 1878 2422 qui
1919 2336 2193 2401 solitarii
2253 2337 2323 2401 in
2377 2337 2520 2402 suis
2582 2336 2837 2417 cellulis

498 2451 981 2511 aansueverunt
1022 2440 1333 2525 dormire,
1395 2440 1746 2506 difficulter
1815 2442 1883 2503 in
1938 2444 2093 2507 navi
2163 2443 2504 2526 quiescere
2564 2448 2838 2525 possunt

500 2556 763 2631 prepter
802 2547 1210 2613 collaterales
1264 2548 1592 2630 inquietos
1636 2555 1705 2608 et
1747 2545 2171 2613 stertitantes.
2257 2547 2489 2611 Multis
2542 2547 2841 2612 noctibus

500 2651 616 2735 l'ui,
654 2651 830 2737 quod
869 2672 1201 2738 nunquam
1238 2652 1448 2717 clausi
1509 2649 1787 2715 oculum.
1895 2653 2170 2736 Insuper
2237 2651 2516 2716 artitudo
2565 2653 2839 2717 cumbae

499 2755 721 2823 lectuli
760 2766 831 2822 et
870 2758 1106 2825 duritia
1146 2757 1564 2824 cervicalium
1605 2766 1837 2821 causa
1883 2756 2406 2842 inquietudinem.
2450 2758 2585 2825 Vix
2624 2767 2839 2842 potest

499 2879 581 2929 se
617 2866 1000 2947 peregrlnus
1041 2883 1306 2929 movere
1346 2864 1492 2928 sine
1546 2871 1849 2927 contactu
1908 2861 2340 2946 collateralis3
2402 2862 2588 2927 locus
2642 2864 2839 2925 etiam

498 2974 607 3035 est
646 2968 914 3033 clausus
956 2977 1023 3033 et
1064 2968 1499 3033 calidissimus
1556 2985 1636 3030 ac
1697 2966 1952 3050 grossis
2011 2968 2365 3051 vaporibus
2425 2985 2507 3031 ac
2560 2965 2839 3031 diversis

500 3071 754 3155 plenus.
844 3073 934 3139 Et
971 3072 1121 3137 ideo
1160 3088 1438 3137 necesse
1480 3079 1584 3135 est
1626 3071 1931 3137 continue
1983 3062 2272 3155 (fian)
2331 3072 2607 3156 sudare,
2666 3068 2840 3155 quod

500 3175 842 3259 plurimum
863 3177 1215 3262 inquietat:
1257 3175 1507 3260 pulices
1530 3192 1647 3258 pro
1675 3184 1965 3258 tempore
1985 3186 2138 3241 sunt
2177 3178 2267 3242 ibi
2279 3177 2530 3260 infiniti,
2560 3152 2840 3260 pedicnl'i

500 3279 649 3344 sine
691 3298 992 3367 numero,
1047 3300 1266 3347 mures
1320 3290 1387 3345 et
1438 3279 1662 3363 glires.
1762 3280 2176 3365 Aliquotiens
2229 3291 2298 3346 et
2337 3282 2526 3366 quasi
2563 3282 2841 3367 siugulis

501 3386 801 3449 noctibus
841 3385 1110 3451 silenter
1148 3388 1402 3450 surrexi
1446 3393 1511 3448 et
1555 3383 1823 3449 ascendi
1865 3404 2125 3450 sursum
2168 3387 2255 3451 ad
2285 3391 2501 3453 aerem
2542 3396 2611 3451 et
2651 3386 2842 3452 vide-

501 3488 690 3554 batur
732 3493 908 3576 mihi,
953 3490 1125 3578 quod
1168 3490 1251 3555 de
1290 3487 1587 3574 squalido
1622 3507 1886 3554 carcere
1928 3501 2192 3576 ereptus
2221 3510 2457 3558 essem.
2543 3490 2843 3571 Quietem

502 3595 696 3659 etiam
778 3595 1131 3681 impediunt
1209 3612 1478 3661 somnus
1548 3596 1881 3679 inquietus
1944 3605 2011 3659 et
2060 3598 2404 3663 stertitatio
2478 3588 2544 3663 et
2605 3598 2841 3664 locutio

360 3769 380 3788 .
503 3699 907 3782 quorundam
964 3703 1034 3766 iu
1095 3701 1381 3786 somnis,
1447 3708 1517 3765 ot
1550 3701 1873 3786 gemitus,
1933 3701 2328 3769 infirmorum
2397 3704 2841 3771 tussitationes

501 3805 911 3870 excaciones.
1037 3805 1166 3873 Fui
1234 3808 1303 3871 iu
1360 3804 1642 3890 quadam
1695 3805 1888 3890 galea
1941 3825 2060 3891 per
2113 3805 2373 3892 aliquod
2431 3816 2709 3891 tempus,
2771 3806 2838 3871 in

501 3925 632 3992 qua
672 3910 933 3977 stabant
949 3912 1101 3996 equi
1145 3921 1216 3977 et
1253 3912 1408 3981 muli
1449 3928 1649 3995 super
1677 3928 1842 3976 nos:
1889 3911 2001 3994 qui
2039 3910 2183 3975 suis
2223 3910 2499 3994 pedibus
2538 3912 2608 3975 in
2649 3926 2842 3975 asse-

498 4013 680 4079 ribus
720 4018 1024 4083 continue
1062 4018 1403 4109 strepitum
1446 4015 1794 4125 babebauss
1836 4032 1954 4099 per
1994 4021 2193 4077 totam
2232 4024 2494 4083 noctem
2538 4023 2605 4079 et
2647 4013 2838 4082 diem.

500 4115 752 4184 Cursus
794 4122 987 4189 etiam
1008 4122 1436 4207 gal-notarum
1480 4118 1804 4203 superius,
1864 4126 1932 4182 et
1993 4118 2195 4181 maris
2245 4122 2540 4205 sonitus,
2596 4128 2664 4184 et
2715 4119 2845 4184 alia

496 4220 698 4288 multa
739 4221 1181 4297 dormitionem
1221 4224 1545 4309 peregrini
1588 4222 1874 4308 quietam
1914 4221 2166 4307 tollunt5
2214 4230 2280 4286 et
2303 4231 2552 4291 tantum
2593 4222 2677 4291 de
2707 4225 2838 4291 illo.
