3242 5259
220 476 490 560 signavi.
576 473 758 535 Inter
807 472 975 535 haec
1037 491 1520 555 nonnumquam
1577 472 1660 536 de
1702 476 1864 539 locis
1906 476 2155 539 sanctis
2209 476 2432 561 etiam,
2489 479 2583 541 in.

218 581 448 665 quibus
478 596 612 641 non
648 577 767 661 fui,
792 586 1092 641 exactam
1126 577 1523 662 diligentiam
1554 578 1701 662 feci,
1722 587 1796 642 ut
1815 598 2035 644 earum
2071 580 2558 663 dispositionem

214 684 715 764 conscriberem,
760 682 880 745 sed
928 701 1056 746 non
1099 685 1224 746 nisi
1268 683 1378 746 illo
1419 682 1667 747 addito:
1714 685 1801 748 ibi
1844 705 1975 748 non
2020 686 2133 768 fui,
2176 685 2295 750 sed
2337 687 2560 752 auditu

209 800 320 854 aut
361 789 645 851 lectione
685 786 904 850 didici.

370 894 474 961 De
516 892 831 954 extremis
884 890 1105 954 muudi
1146 892 1415 976 finibuS,
1479 895 1602 958 etsi
1648 895 2038 956 mentionem
2103 893 2364 979 faciam,
2429 915 2558 960 non

209 1011 428 1062 tamen
491 997 875 1061 describam.
960 995 1036 1059 Si
1077 999 1228 1080 quis
1269 1008 1485 1062 antem
1547 1000 1770 1082 legere
1812 999 1989 1081 cupit
2036 996 2118 1061 de
2177 1001 2316 1082 his,
2378 1001 2560 1084 legat

207 1103 656 1167 Narratorinm
699 1101 954 1164 Fratris
1019 1099 1315 1181 Odorici‚
1383 1102 1647 1167 Ordinis
1691 1103 1994 1184 minoris,
2060 1104 2172 1186 qui
2230 1101 2561 1168 Orientem

206 1217 609 1292 pervagatus
653 1208 815 1270 mira
853 1205 978 1270 sub
1013 1208 1389 1286 ⁸testimonio
1424 1207 1687 1289 jurandi
1724 1208 1877 1272 dicit
1915 1226 1994 1271 se
2022 1208 2294 1271 vidisse.
2350 1209 2565 1292 Legat

208 1324 274 1376 et
327 1310 602 1376 Diodori
653 1312 959 1393 antiquas
1010 1311 1336 1374 historias.
1442 1313 1896 1378 Perscrutetur
1955 1315 2152 1376 etiam
2213 1323 2279 1377 et
2342 1314 2566 1380 videat

205 1436 421 1481 novas
461 1414 684 1480 mundi
723 1434 1017 1499 mappas,
1061 1425 1127 1478 et
1170 1418 1805 1501 inveniet'regiones
1837 1417 2125 1482 Orientis
2168 1419 2332 1482 adeo
2368 1420 2565 1503 longe

208 1542 250 1586 a
307 1522 500 1585 nobis
569 1520 923 1602 distantes,
988 1520 1161 1604 qued
1215 1523 1576 1586 secundum
1646 1523 1994 1587 modernos
2054 1519 2445 1588 Geometras
2500 1533 2567 1587 et

210 1628 718 1691 Mathematicus
779 1625 867 1687 ibi
933 1625 1298 1696 habitantes
1341 1636 1494 1690 sunt
1555 1637 1859 1710 respectu
1920 1629 2125 1690 nostri
2180 1627 2565 1711 Antipodes,

210 1732 384 1814 quod
420 1741 645 1794 tamen
682 1730 952 1812 antiqui,
986 1738 1058 1792 ut
1077 1729 1491 1815 Aristoteles,
1523 1740 1590 1793 et
1608 1731 2043 1816 Ptolomaeus,
2068 1742 2133 1795 et
2152 1733 2564 1815 Augustinus

208 1838 513 1901 invenire
557 1855 686 1899 nou
728 1840 1045 1916 poterant.
1128 1833 1343 1897 Hodie
1383 1843 1597 1902 tamn
1640 1838 1707 1899 in
1744 1839 2045 1901 humanis
2077 1847 2227 1900 sunt
2269 1837 2566 1901 homines

210 1943 342 2007 fide
383 1942 591 2023 digni,
634 1941 746 2023 qui
786 1941 858 2002 in
896 1937 1111 2001 insula
1140 1921 1508 2024 Zinpanga,
1554 1942 1727 2005 illius
1772 1943 2056 2025 regionis
2096 1953 2300 2027 parte,
2343 1944 2567 2007 dicunt

213 2067 288 2110 se
329 2048 579 2127 fuisse,
641 2053 708 2106 et
769 2042 933 2106 alios
992 2043 1182 2128 polos
1229 2055 1293 2108 et
1352 2047 1581 2108 stellas
1649 2041 1972 2138 firmant
2031 2065 2108 2109 se
2158 2048 2439 2138 vjdisse,
2502 2057 2570 2112 et

213 2154 422 2217 silvas
467 2150 732 2234 piperis,
782 2159 848 2211 et
887 2167 1154 2211 nemora
1194 2150 1778 2236 carxophyllerum,
1820 2160 1889 2214 et
1917 2152 2140 2214 hortos
2177 2152 2568 2236 spicanardi,
2646 2225 2651 2232 ,

216 2270 278 2321 et
323 2273 597 2339 campos
619 2254 1010 2337 zinziberis,
1055 2263 1119 2316 et
1158 2271 1353 2335 agros
1376 2253 1762 2339 Cinamemi,
1806 2263 1872 2317 et
1914 2257 2214 2344 regiones
2246 2256 2568 2338 lignorum

217 2366 505 2446 Sethim,
571 2368 638 2423 et
703 2358 995 2441 virgulta
1047 2363 1406 2430 aromafim
1459 2359 1895 2443 diversorum,
1958 2368 2026 2422 et
2068 2369 2329 2426 caetera
2369 2360 2571 2423 multa

218 2478 528 2533 asserunt
600 2484 677 2530 se
754 2463 1007 2527 vidisse
1070 2462 1311 2546 oculiS,
1390 2469 1460 2528 et
1530 2465 1829 2527 manibus
1899 2473 2362 2566 contrecta—sse.
2466 2463 2567 2526 Illi

219 2576 519 2658 legantur
562 2579 624 2634 et
659 2572 1140 2650 interrogentur
1149 2569 1281 2651 ,vet
1325 2568 1608 2630 curiosis
1652 2567 2082 2631 satisfacient.
2206 2573 2255 2600 *⁸

386 2679 491 2743 De
531 2687 708 2742 terra
748 2684 1011 2755 sancta,
1058 2673 1126 2735 in
1170 2689 1306 2754 qua
1341 2667 1563 2734 n‘oster
1614 2659 1809 2755 pelu's
1853 2672 2171 2753 cernitur,
2213 2688 2381 2754 quae
2430 2671 2571 2733 solo

221 2784 690 2847 mediterraneo
727 2778 888 2841 mari
931 2795 973 2839 a
1013 2779 1254 2840 uestris
1275 2776 1491 2870 vnis
1535 2778 1934 2859 secernitur,
1978 2776 2215 2838 locutio
2259 2784 2571 2862 mea-est,

225 2887 306 2950 de
343 2907 478 2973 qua
518 2897 586 2949 et
627 2884 880 2966 scripsi.
948 2884 1222 2966 Insuper
1263 2882 1628 2963 conscripsi
1670 2880 2014 2963 diligenter
2054 2879 2362 2962 pericula,
2403 2896 2572 2961 quae

222 2993 286 3054 in
330 2994 498 3054 mari
538 2977 776 3073 magno
819 2989 890 3050 in
924 2996 1197 3070 utraque
1223 2988 1746 3071 peregrinatione
1777 2986 2079 3069 sustinui,
2113 2994 2179 3047 et
2209 2985 2570 3067 angustias,

221 3115 391 3180 quas
435 3116 556 3178 per
596 3094 925 3156 desertum
978 3110 1332 3176 perpessus
1391 3109 1573 3175 sum,
1646 3101 1713 3154 et
1754 3090 2201 3182 tribulationes
2256 3089 2573 3172 diversas,

225 3198 470 3282 quibus
514 3193 790 3261 affectus
850 3198 945 3260 fui
985 3216 1118 3260 una
1169 3215 1316 3261 cum
1353 3198 1499 3260 aliis
1541 3198 1743 3260 sociis
1797 3197 1961 3260 meis
2004 3191 2365 3278 peregrinis
2408 3196 2577 3257 inter

220 3304 511 3386 Turcos,
555 3301 992 3385 Sarracenos,
1033 3302 1327 3385 Arabes,
1381 3310 1448 3363 et
1500 3300 1703 3365 falsos
1753 3302 2103 3366 orientales
2163 3300 2572 3382 christianos,

219 3418 294 3471 nt
339 3417 615 3506 vestvrae
674 3407 993 3472 charitati
1055 3408 1267 3491 magis
1315 3407 1577 3490 placere
1618 3407 1887 3491 incipiat
1939 3404 2298 3469 monastica
2363 3405 2573 3487 quies,

223 3514 505 3577 claustri
569 3515 926 3598 stabilitas,
992 3512 1310 3612 regularis
1373 3511 1720 3596 disciplina
1778 3521 1846 3574 et
1905 3509 2311 3575 obeffientiae
2376 3507 2578 3592 labor,

220 3619 567 3682 discursus
607 3628 674 3682 et
709 3611 1013 3702 evagalio
1055 3613 1349 3690 vilescat.

399 3725 622 3788 'restis
665 3725 838 3786 enim
882 3723 1253 3786 mihiffleus
1297 3730 1421 3806 est,
1467 3720 1642 3804 quod
1681 3722 1742 3784 si
1782 3719 2148 3801 scivissem,
2188 3736 2293 3781 me
2335 3736 2421 3779 ex
2456 3717 2583 3780 hac

222 3829 755 3913 peregrinatiane
828 3828 912 3892 ad
992 3838 1236 3892 tantam
1323 3827 1777 3908 evagationem
1838 3822 2075 3887 mentis
2151 3831 2217 3884 et
2293 3822 2583 3904 corporis

223 3919 694 4017 implicandum'
739 3934 967 4016 fuisse,
1009 3951 1432 4018 nequaquam„
1462 3937 1630 4016 eam,
1661 3936 2233 4014 quantumcunque
2267 3936 2583 4010 sanctam,

225 4057 594 4123 aggressus
660 4040 970 4123 fuissem,
1040 4037 1140 4119 (2
1157 4038 1266 4121 A)
1326 4038 1513 4121 quia,
1579 4036 1744 4120 proh
1787 4031 2001 4116 dolor,
2053 4033 2245 4095 nimis
2287 4051 2329 4095 a
2369 4031 2582 4096 studio

233 4145 478 4208 utiliori
546 4145 873 4208 alienatus
913 4153 983 4242 pt
1050 4143 1402 4207 distractus
1465 4143 1681 4208 sactus
1733 4158 1897 4203 sum.
1992 4136 2242 4202 Idcirco
2304 4136 2586 4219 mavi,

230 4249 404 4315 hunc
449 4251 698 4315 librum
731 4268 860 4313 nou
880 4250 1491 4333 Peregrinatorium,
1514 4266 1645 4314 nea
1661 4244 2086 4326 Itinerarium,
2117 4260 2241 4305 nec
2263 4243 2588 4326 Viagium,

231 4374 356 4423 nec
427 4358 563 4423 alio
656 4356 894 4441 quovis
966 4355 1230 4419 nomine
1296 4339 1662 4438 intitulare,
1731 4349 1853 4414 sed
1930 4344 2592 4509 ΕνΑίίὲΑΤΟΙῑΙΠΠ
