3242 5259
271 491 434 538 cum
472 480 620 536 toto
659 469 1008 534 consulatu
1032 469 1326 566 ῑῖῑῃωεί
1347 474 1735 564 congregati
1780 472 2136 558 sedebant,
2181 484 2482 560 petentes
2524 493 2648 542 an-

274 577 632 660 dientiam3
678 593 813 658 qua
853 576 1010 642 data
1047 577 1277 644 institit
1321 578 1491 661 apud
1533 573 1849 642 nominos
1880 580 2218 665 consules,
2262 591 2333 645 ut
2360 582 2647 644 Priorem

274 682 809 754 Praedimtmm
852 682 940 752 ad
980 679 1104 756 hoc
1147 699 1294 746 cum
1335 683 1584 748 effectu
1635 683 1945 770 inducere
1981 683 2303 768 vellent,'
2328 696 2648 771 quatenus

282 789 552 852 fratrem
592 785 923 873 Felicem,
967 807 1160 872 quem
1202 791 1345 872 ipse
1381 797 1446 852 et
1468 789 1573 852 sui
1614 788 1781 851 socii
1824 789 1890 854 in
1953 790 2361 874 capellanum
2420 791 2647 874 elege-

281 903 455 976 rant,
476 911 594 984 pro
615 893 1048 956 transmarina
1067 895 1586 977 peregrinatione
1603 895 1748 954 sine
1768 893 2230 977 impedimento
2262 887 2640 962 dimitteret:

280 983 651 1082 praecipue
675 1016 826 1062 eum
865 1018 1012 1063 eum
1056 999 1141 1062 ad
1181 1001 1305 1063 hoc
1347 1017 1503 1062 esse
1543 998 1976 1063 voluntarium
2037 967 2642 1083 scirent.1taque

287 1104 839 1185 Magitri-civium
899 1112 963 1167 et
1018 1104 1280 1189 quidam
1348 1105 1430 1168 de
1485 1103 1817 1198 judicibus
1887 1103 2298 1170 conventum
2367 1107 2650 1189 ingressi

289 1210 608 1293 rogabant
649 1209 935 1290 Patrem,
982 1217 1051 1272 ut
1111 1211 1343 1272 intuitu
1387 1208 1783 1273 Consulatus
1818 1210 2175 1274 nobilibus·
2190 1212 2323 1276 illis
2366 1211 2651 1276 condes-

288 1313 614 1379 cenderet.
663 1312 790 1393 Qui
831 1333 978 1380 cum
1021 1314 1287 1398 diceret,
1327 1333 1404 1379 se
1441 1334 1573 1378 non
1615 1315 1856 1378 habere
1897 1315 2270 1390 facultatem
2314 1336 2417 1380 me
2440 1318 2651 1382 licen-

287 1420 492 1484 tiandi
532 1422 602 1482 in
622 1420 1013 1503 Ierusalem,
1054 1419 1175 1486 sed
1215 1420 1299 1483 ad
1341 1419 1414 1483 S.
1443 1420 1524 1483 D.
1564 1420 1808 1503 Papam
1852 1430 1917 1484 et
1951 1421 2338 1514 Generalem
2381 1420 2650 1484 Ordinis

292 1527 499 1589 nostri
519 1525 908 1630 Magistrum
938 1533 1282 1609 spepsaret
1300 1526 1425 1588 hoc
1466 1527 1818 1608 negotium,
1860 1527 2080 1630 statipr
2099 1499 2373 1610 pro'duxi
2406 1526 2651 1607 literas,

291 1625 446 1713 (25
467 1630 575 1714 A)
657 1638 830 1710 tam
844 1630 1068 1713 Papae
1118 1650 1312 1714 quam
1365 1631 1671 1714 Magistri
1731 1629 2013 1717 Ordinis.
2090 1629 2308 1710 Quas
2350 1640 2419 1696 ιιι
2465 1630 2655 1713 vidit,

288 1739 509 1800 statim
551 1738 916 1808 moenit-
926 1738 998 1798 in
1042 1737 1300 1806 nomine
1338 1736 1618 1808 Dominis

456 1843 738 1908 Accessi
781 1853 937 1925 ergo
979 1841 1065 1904 ad
1106 1842 1449 1908 Dominum
1489 1842 1860 1908 Johannem
1932 1839 2291 1940 'l'ruchsas
2317 1851 2382 1906 et
2426 1859 2651 1908 secum

294 1950 574 2012 conveni
609 1945 728 2022 fle.
742 1946 848 2009 die
905 1957 970 2011 et
1024 1946 1168 2011 loco
1211 1947 1322 2009 ubi
1365 1966 1512 2010 eum
1555 1956 1622 2010 et
1684 1959 1818 2013 tres
1882 1950 2047 2014 alios
2121 1947 2415 2016 domino·
2469 1963 2652 2011 meos

292 2054 644 2166 reperirem
686 2052 774 2114 Et
807 2052 1171 2136 assignavit
1210 2052 1361 2115 mihi
1405 2052 1574 2116 diem
1627 2063 1876 2120 certum
1936 2061 2000 2118 et
2048 2055 2261 2120 locum
2307 2053 2655 2117 Pontinam

293 2159 693 2240 (Insprugg)
734 2158 1059 2241 oppidum,
1105 2166 1168 2221 et
1206 2157 1431 2221 sedem
1470 2157 1677 2244 Ducis
1721 2155 2037 2226 Austriae
2103 2169 2171 2229 et
2213 2160 2317 2221 his
2361 2155 2654 2220 tractatis

289 2262 530 2327 nobilis
568 2279 717 2325 cum
753 2263 896 2326 suis
936 2263 1018 2326 ad
1061 2264 1321 2350 propria
1361 2263 1580 2326 rediiu·
1613 2265 1721 2327 Ab
1754 2265 1878 2327 hac
1901 2284 2061 2358 ergo
2081 2265 2188 2330 die
2232 2263 2496 2326 barbam
2527 2279 2656 2322 nu-

290 2369 446 2430 trivi
468 2376 532 2429 et
555 2384 750 2429 cruce
770 2369 970 2431 rubea
994 2377 1125 2431 tam
1152 2386 1445 2452 cappam,
1490 2388 1687 2453 quam
1727 2369 2075 2452 scapulare
2107 2363 2435 2449 decoravi,
2462 2384 2655 2449 quam

291 2471 558 2558 quidem
594 2490 854 2536 crucem
886 2471 1008 2535 deo
1048 2471 1302 2535 dicatae
1336 2474 1630 2556 virgines
1677 2493 1962 2557 sponsae
1998 2473 2302 2538 cruxifixi
2357 2472 2653 2536 vestibus

291 2578 459 2641 meis
502 2579 875 2662 assuebant,
899 2586 1292 2661 caeteraque
1324 2578 1608 2663 insignia
1636 2577 1810 2642 illins
1841 2597 2070 2643 sacrae
2091 2576 2652 2661 peregrinationis,

294 2701 467 2766 quae
530 2683 682 2746 mihi
728 2683 1204 2767 competebant,
1246 2685 1595 2767 assumpsi.
1658 2683 1831 2747 Sunt
1874 2683 2045 2746 enim
2087 2684 2373 2766 quinque
2411 2696 2656 2764 pereg-

302 2788 586 2850 rinorum
626 2796 837 2851 terrae
879 2795 1150 2850 sanctae
1190 2788 1492 2874 insignia.
1578 2787 1851 2852 Scilicet
1895 2806 2057 2851 crux
2111 2787 2312 2852 rubea
2358 2786 2426 2848 in
2463 2792 2655 2846 veste

302 2892 521 2975 grisea
562 2901 625 2954 et
669 2892 868 2976 longa
921 2911 1068 2956 cum
1108 2892 1365 2956 cuculla
1422 2893 1786 2956 monachali
1857 2891 2153 2970 turnea’e
2200 2898 2465 2978 assuta·
2449 2935 2467 2972 ,
2514 2888 2657 2951 nisi

301 2997 684 3079 peregrinus
765 2997 917 3060 talis
981 2997 1313 3082 religionis
1376 2998 1507 3079 sit,
1569 2996 1745 3080 quod
1796 3000 1858 3060 ei
1924 3017 2053 3062 non
2105 3003 2429 3084 competat
2488 2995 2659 3062 ferre

300 3099 585 3168 habitum
630 3103 938 3184 griseum.
1024 3101 1395 3168 Secundum
1440 3113 1544 3168 est
1586 3105 1827 3188 pileum
1892 3107 2193 3188 nigrum*
2214 3095 2323 3165 vel
2366 3101 2655 3184 griseum

304 3208 497 3270 etiam
560 3225 757 3271 cruce
813 3207 1012 3270 rubea
1089 3225 1289 3289 supra
1361 3210 1635 3275 frontem
1699 3211 2117 3298 insignitum„
2180 3189 2492 3306 (fertium
2557 3213 2675 3290 est·

302 3311 506 3374 barba
547 3311 743 3397 longa
784 3313 850 3374 in
898 3312 1068 3374 facie
1108 3314 1360 3376 seriosa
1400 3324 1464 3377 et
1504 3315 1750 3398 pallitta
1769 3326 2031 3400 propter
2071 3315 2329 3380 labores
2372 3323 2435 3378 et
2477 3312 2657 3398 peri-

300 3416 472 3499 cula,
512 3418 750 3501 ubique
793 3417 988 3498 enim,
1029 3419 1223 3481 etiam
1263 3418 1388 3502 ipsi
1431 3421 1734 3504 gentiles,
1776 3422 2267 3504 peregrinantes
2308 3420 2559 3508 barbaq
2591 3424 2655 3478 et

301 3539 552 3586 comam
593 3524 879 3586 nutriunt
934 3540 1146 3606 usque
1198 3522 1279 3586 ad
1324 3524 1618 3610 reditum,
1662 3534 1731 3589 et
1768 3526 1894 3589 hoc
1912 3527 2118 3622 prim'o
2142 3526 2403 3589 fecisse
2423 3522 2660 3606 legitur

302 3625 627 3690 Osiridem
686 3628 1205 3694 vetustissimum
1262 3629 1556 3715 Aegypti
1621 3645 1880 3714 regem,
1952 3630 2173 3694 Deum
2224 3632 2659 3711 aestimatum,

300 3733 415 3816 qui
456 3731 762 3796 mundum
803 3741 1005 3797 totum
1043 3736 1536 3816 perambulavit.
1630 3736 1951 3814 Quartum
1998 3745 2102 3798 est
2138 3753 2376 3800 saeuus
2412 3736 2487 3797 in
2528 3736 2659 3798 hu-

301 3839 501 3901 meris
543 3846 800 3901 tenuem
842 3839 1085 3902 vietum
1129 3843 1471 3904 continens
1513 3860 1661 3905 cum
1704 3839 2019 3922 flascone,
2062 3860 2190 3904 non
2236 3839 2320 3905 ad
2362 3840 2656 3921 delicias,

305 3939 430 4005 sed
444 3941 530 4006 ad
540 3946 1080 4008 sustentationem
1101 3945 1277 4008 vitae
1293 3943 1408 4005 vix
1421 3941 1775 4008 sufficiens.
1824 3941 2156 4031 Quintum,
2179 3945 2351 4030 quod
2360 3946 2568 4008 servit
2582 3945 2655 4007 in

306 4057 484 4112 terra
523 4057 777 4130 sancta,
821 4057 926 4111 est
965 4051 1191 4113 asinus
1235 4067 1382 4113 cum
1440 4049 1723 4112 asinario
1786 4048 2151 4132 Saraceno,
2218 4049 2361 4114 loco
2422 4048 2658 4113 baculi·

309 4153 537 4235 ltaque
578 4151 749 4216 diem
792 4170 1095 4217 recessus
1139 4171 1389 4218 mecum
1433 4149 1754 4226 desiderio
1775 4173 2011 4238 magno
2047 4155 2431 4239 exspectavi
2450 4164 2517 4217 et
2552 4172 2659 4217 me

312 4247 579 4316 silenter
602 4272 750 4320 cum
793 4257 1256 4342 tranquillitate
1297 4257 1382 4336 ed
1419 4259 1548 4323 iter
1582 4275 1817 4323 sacrae
1833 4260 2372 4345 peregrinationis
2417 4258 2660 4344 aptavi,

317 4366 574 4441 propter
606 4362 1106 4447 inquietudinem
1127 4379 1249 4449 pro
1285 4381 1394 4428 me
1429 4363 1868 4451 sollicitorum,
1896 4368 2009 4451 qui
2049 4385 2156 4431 me
2194 4363 2655 4448 inquietabant.

2185 4468 2221 4525 5
