3242 5259
1635 351 1759 417 154

518 534 864 620 aliquando
906 543 1045 600 erat
1104 550 1278 617 pars.
1361 533 1540 602 meo·
1580 532 1814 598 dicitur
1862 551 2041 597 mare
2094 550 2250 599 esse
2289 532 2395 598 fur
2435 541 2504 596 et
2544 533 2859 617 spoliator

522 644 872 726 regionum.
918 637 1194 703 occulte
1235 639 1406 701 enim
1443 638 1785 723 subintrat,
1810 638 2154 752 subitoque
2190 637 2354 702 duas
2394 640 2605 722 petias
2646 647 2858 701 terrae

520 747 768 831 regioni
811 747 1010 827 rapit,
1080 751 1146 805 et
1188 742 1255 805 in
1310 742 1589 819 medium
1632 761 1710 805 se
1777 761 2027 827 ponens
2081 742 2276 826 longe
2332 762 2374 806 a
2421 745 2627 828 primo
2685 740 2858 805 aliud

517 871 789 936 regnum
832 850 1051 913 efficit.
1109 847 1228 911 Sic
1269 847 1559 910 Siciliam
1602 846 1830 911 ltaliae
1870 847 2136 912 abstulit
2176 856 2241 910 et
2267 845 2560 931 Cyprum
2603 846 2860 936 Syriae,

516 967 583 1021 et
633 954 967 1041 Cyclades
1025 952 1451 1017 Macedoniae
1505 970 1587 1016 ac
1630 950 1969 1016 Graeciae.
2054 953 2139 1015 Et
2189 953 2361 1016 hanc
2407 952 2688 1015 insiliam
2730 951 2859 1014 Hi-

515 1065 716 1126 striae
759 1062 989 1144 rapuit,
1034 1076 1308 1141 eamque
1349 1065 1596 1141 partem
1641 1057 1711 1121 S.
1745 1057 2049 1121 Andreae
2088 1053 2859 1141 consututt,‘distiuctam

513 1149 595 1231 ab
641 1166 785 1230 aliis
827 1174 1040 1228 terrae
1080 1163 1391 1249 pai-ubas.
1476 1162 1740 1226 Rubina
1789 1164 1959 1226 enim
2002 1172 2108 1226 est
2153 1164 2223 1225 in
2264 1171 2440 1225 terra
2481 1163 2857 1243 continenti,

512 1275 606 1337 ita
645 1281 720 1336 ut
773 1270 926 1335 iude
993 1272 1061 1333 in
1122 1270 1476 1353 Ungariam
1535 1270 1793 1353 aliaque
1848 1286 2052 1351 regna
2090 1285 2231 1355 ‚per
2301 1276 2538 1331 terram
2599 1267 2859 1331 transiri

512 1378 723 1462 possit
766 1395 974 1459 usque
1001 1375 1514 1460 Jerosolymam,
1564 1391 1954 1458 quamquam
1996 1371 2064 1437 id
2105 1390 2252 1437 cum
2288 1389 2528 1455 magna
2569 1370 2857 1435 difficul-

514 1491 649 1550 tate
696 1481 834 1545 fleri
875 1490 1132 1566 posset3
1177 1488 1242 1543 et
1286 1481 1365 1543 ab
1416 1481 1528 1543 illa
1568 1487 1742 1542 terra
1784 1478 2004 1541 decisa
2045 1485 2150 1540 est
2186 1477 2352 1542 haec
2401 1477 2620 1541 insilla
2666 1475 2857 1540 modo

513 1587 825 1671 praefato.
909 1586 1013 1650 De
1067 1585 1396 1649 vulchana
1436 1585 1656 1648 insula
1695 1583 1961 1649 Siciliae
2003 1582 2268 1664 dicitur,
2312 1580 2486 1665 quod
2528 1582 2681 1646 olim
2723 1599 2854 1644 non

516 1692 727 1774 fixerit,
741 1690 861 1753 sed
883 1700 1170 1774 tempore
1182 1690 1474 1772 Pompeii
1492 1692 1697 1773 primo
1720 1691 2033 1772 apparuit,
2060 1689 2249 1773 quasi
2269 1706 2352 1751 ex
2370 1688 2571 1751 maris
2582 1687 2856 1771 profun-

515 1797 599 1861 do
629 1813 705 1859 se
728 1813 928 1879 super
941 1812 1175 1878 aquam
1198 1792 1536 1856 extollens.
1555 1793 1791 1858 Cernis
1811 1812 2003 1877 nunc,
2014 1794 2394 1860 charissime
2416 1791 2638 1871 lector,
2663 1810 2857 1876 quam

517 1903 685 1965 bene
718 1910 783 1963 et
816 1902 1277 1965 convenienter
1299 1898 1586 1962 libellum
1608 1899 1784 1962 hunc
1820 1900 2287 1982 Evagatorium
2326 1897 2857 1980 nuncupaverim,

517 2007 585 2069 iu
618 2025 746 2090 quo
780 2008 862 2070 ab
893 2004 1115 2069 iusilla
1149 2004 1583 2068 minutissima
1605 2004 1841 2068 deveni
1866 2003 1948 2067 atl
1979 2003 2226 2066 iiisulas
2251 2001 2589 2086 maximas3
2609 1999 2858 2064 Oceani

518 2121 584 2175 et
620 2112 815 2174 maris
846 2110 1086 2194 magni,
1114 2118 1178 2172 et
1212 2127 1432 2171 earum
1460 2118 1672 2172 ortum
1705 2118 1770 2172 et
1795 2108 2195 2176 conditiones
2224 2109 2508 2172 breviter
2537 2107 2857 2191 expressi.

702 2216 908 2299 Igitur
967 2232 1116 2278 cum
1178 2232 1299 2299 per
1354 2212 1607 2297 aliquas
1669 2216 1864 2279 horas
1942 2215 2010 2276 in
2070 2195 2287 2277 insilia
2339 2214 2631 2297 praefata
2706 2231 2856 2276 cum

521 2320 830 2387 fratribus
913 2338 1039 2384 uos
1118 2319 1503 2384 ducentibus
1583 2320 2150 2402 circuivissemuS,
2231 2317 2317 2383 ad
2382 2320 2858 2383 monasterium

520 2425 810 2509 regressi
883 2442 1114 2490 sumus
1187 2435 1254 2489 et
1318 2443 1468 2488 cum
1531 2424 1839 2489 fratribus
1900 2423 2308 2488 collationem
2375 2424 2708 2489 charitatis
2751 2424 2856 2487 se-

522 2532 766 2616 cimus,
839 2548 1037 2614 quam
1123 2530 1421 2594 dominus
1500 2531 1843 2594 Johanues
1909 2528 2276 2592 'l'ruchsass
2350 2528 2699 2595 liberaliter
2759 2530 2858 2593 eis

524 2636 760 2701 retudit
799 2638 868 2700 in
917 2644 1139 2701 nostro
1181 2653 1476 2698 recessu.
1562 2636 1638 2697 ln
1702 2638 1850 2718 ipsa
1911 2644 2128 2699 autem
2179 2634 2526 2700 collatIone
2577 2636 2856 2719 cognovi

519 2760 717 2808 unum
759 2741 845 2805 de
885 2742 1210 2825 fratribus,
1237 2758 1431 2824 quem
1470 2739 1763 2805 videram
1803 2742 1869 2804 in
1913 2759 2059 2804 mea
2097 2743 2305 2823 prima
2344 2743 2861 2826 peregrinatione

519 2849 586 2910 in
629 2857 849 2911 monte
911 2847 1130 2931 Syon,
1181 2847 1291 2910 ubi
1353 2846 1562 2909 fuerat
1623 2842 2301 2928 Vice-Gwardiauus‚
2370 2855 2437 2910 et
2476 2849 2621 2929 ipse
2661 2849 2859 2910 etiam

522 2953 650 3016 mei
693 2954 981 3016 notitiam
1023 2953 1279 3034 habuit,
1335 2960 1402 3015 et
1446 2954 1830 3017 charitative
1876 2969 1983 3014 me
2024 2950 2347 3032 suscepit,
2420 2968 2462 3014 a
2504 2969 2631 3035 quo
2674 2959 2858 3014 certa

520 3059 927 3122 avisamenta
964 3056 1177 3121 didici.
1230 3056 1392 3120 Post
1430 3053 1839 3118 collationem
1882 3054 2167 3137 regressi
2206 3072 2434 3117 sumus
2476 3056 2541 3118 in
2573 3056 2857 3141 barcam,

521 3170 591 3224 et
630 3179 778 3226 cum
820 3179 1056 3245 magua
1100 3160 1483 3225 difficultate
1523 3162 1824 3223 venimus
1864 3161 1931 3224 in
1974 3157 2295 3222 Rubinam
2311 3205 2333 3242 ,
2393 3162 2547 3244 quia
2585 3172 2855 3228 ventum

521 3266 912 3330 contrarium
977 3266 1046 3330 iu
1109 3267 1269 3329 mari
1326 3265 1702 3348 reperimus.
1800 3265 2103 3328 Fecimus
2174 3273 2392 3328 autem
2452 3285 2721 3332 coetum
2787 3269 2858 3332 iu

519 3370 790 3455 oppido,
834 3381 902 3434 et
943 3370 1441 3434 deliberavlmus
1480 3387 1744 3433 manere
1785 3389 1904 3453 per
1943 3377 2201 3434 noctem
2237 3379 2420 3434 extra
2463 3371 2748 3456 galeam,
2780 3382 2860 3437 'et

511 3478 588 3539 in
630 3478 918 3541 scamnis
961 3475 1237 3540 dormire
1278 3476 1529 3559 potius,
1593 3475 1749 3559 quia
1806 3493 2052 3560 graves
2109 3483 2338 3540 noctes
2393 3477 2732 3543 habuimus
2789 3457 2855 3542 ἰῖι

518 3580 710 3666 galea
772 3582 1038 3667 alligata
1099 3581 1403 3645 anchoris
1446 3588 1511 3642 et
1556 3583 1802 3663 agitata
1853 3581 2091 3644 ventis.
2175 3580 2313 3645 Sed
2372 3585 2593 3648 statim
2652 3589 2858 3648 coeu'a

521 3686 698 3749 facta
757 3686 1046 3751 insonuit
1113 3684 1411 3750 dominus
1465 3693 1779 3768 patronus
1820 3685 2099 3749 buccina
2115 3729 2137 3769 ,
2200 3684 2374 3770 quod
2417 3699 2565 3780 ιιι-η,
2598 3693 2855 3773 siguum

519 3792 951 3874 regressionis
991 3791 1275 3855 omnium
1315 3781 1386 3853 in
1421 3789 1696 3873 galeam.
1751 3789 1901 3856 Hoc
1940 3790 2159 3855 audito
2198 3792 2269 3854 in
2307 3790 2563 3876 galeam
2605 3812 2860 3860 rema-

518 3895 751 3959 vimus.
836 3894 1108 3986 Eodem·
1129 3913 1312 3978 sero,
1375 3904 1528 3959 ante
1560 3895 1723 3959 solis
1774 3913 2114 3980 occasum,
2172 3896 2558 3986 levaverupt
2614 3889 2859 3982 guber-

515 4008 780 4065 natores
849 4000 1170 4065 anchoras
1183 4044 1204 4085 ‚
1262 4008 1329 4064 et
1388 4001 1726 4066 solverunt
1786 4000 2046 4085 galeam
2088 4022 2132 4066 a
2184 4002 2496 4087 tonsillis,
2544 4012 2621 4066 'et
2673 3987 2859 4076 e’xlrs

515 4112 769 4189 portum
827 4106 1315 4189 navigavimus·
1362 4106 1664 4190 quamvis
1707 4106 1856 4171 boui
1897 4108 2079 4171 venti
2118 4126 2250 4171 nen
2300 4117 2523 4171 essem
2567 4108 2637 4171 in
2676 4125 2857 4174 man.

512 4208 834 4275 viderant
873 4211 1060 4274 mim
1089 4228 1131 4274 a
1167 4207 1366 4294 lenge
1387 4210 1833 4296 Augustinum
1870 4230 2021 4277 cum
2055 4231 2180 4276 sua
2212 4211 2408 4297 galea
2443 4222 2509 4276 et
2548 4191 2863 4277 timebant

514 4335 601 4379 ne
641 4334 765 4380 nos
815 4314 1273 4399 praecederet.
1329 4316 1479 4380 ideo
1535 4318 1832 4381 inutilem
1887 4326 2189 4383 conatum
2246 4318 2565 4383 ⁴fecerunt.
2649 4311 2863 4396 Quam

514 4422 643 4485 cito
683 4423 860 4485 enim
898 4429 1088 4486 extra
1123 4429 1378 4504 portum
1417 4422 1756 4506 venimus,
1799 4442 1917 4506 per
1955 4423 2249 4487 inutilem
2288 4432 2556 4488 ventum
2599 4421 2861 4506 lougius
