3242 5259
503 542 1116 611 ibiesseefl'usum
1165 541 1553 609 odorifoeuu
1636 543 1995 610 balsamum
2049 546 2429 614 suavissimi
2503 550 2853 633 sanguinei

505 651 784 737 sudoris,
827 668 954 734 quo
1008 650 1408 715 reviviscent
1471 652 1723 716 mortui.
1827 650 2005 715 Dicit
2059 654 2234 716 enin
2275 653 2590 719 Albertus
2636 654 2715 721 fr.
2760 673 2851 737 n.,

506 756 678 841 quod
717 757 993 840 sanguis
1031 755 1144 820 iile
1181 775 1301 840 per
1340 766 1566 820 vestes
1607 774 1956 840 erumpens
1998 757 2067 820 in
2108 765 2345 822 terram
2386 760 2669 824 cucurrit
2692 803 2715 844 ,
2774 770 2853 824 ut

504 864 698 927 etiam
743 862 1069 927 &neribus
1107 871 1506 926 mortuonm
1552 861 1931 926 infundatur
1971 861 2056 925 ad
2094 863 2456 946 potentiam
2512 882 2850 929 resurrec-

503 968 719 1033 tionis.
806 966 1019 1032 Dictis
1053 966 1213 1052 ergo
1256 964 1659 1032 orationibus
1687 967 2110 1051 praescriptis
2153 968 2386 1053 locum,
2422 970 2493 1033 in
2536 988 2666 1053 quo
2706 970 2854 1035 Do-

504 1075 717 1137 minus
755 1058 963 1136 Josus
1003 1089 1222 1156 genua
1258 1071 1550 1156 flexerat,
1593 1071 1955 1136 deosculati
1977 1090 2230 1159 sumus,
2270 1082 2344 1138 et
2383 1076 2850 1157 prominentem

504 1196 728 1261 rupem
772 1177 856 1242 de
902 1178 1150 1262 pariete
1181 1194 1528 1259 cavernae,
1572 1175 1641 1239 in
1666 1194 1795 1260 quo
1825 1178 2103 1262 angelus
2140 1179 2490 1243 consolans
2506 1180 2850 1245 Dominum

502 1283 784 1347 creditur
823 1285 1110 1366 stetisse,
1143 1284 1336 1346 etiam
1380 1281 1631 1346 osculis
1672 1283 1968 1348 venerati
2009 1300 2258 1369 sumus,
2300 1295 2368 1349 et
2400 1284 2852 1371 ‘indulge-uu

503 1386 831 1470 plenariae
868 1388 1268 1453 remissionis
1309 1388 1684 1471 accepimus
1724 1387 1913 1470 (††).
2032 1387 2036 1390 ⁴

673 1491 1006 1578 Spelunca
1045 1493 1159 1557 illa
1199 1502 1304 1558 est
1345 1492 1684 1557 circularis
1731 1493 1813 1555 ab
1864 1493 2073 1577 intra,
2115 1502 2183 1557 et
2222 1493 2390 1558 satis
2447 1504 2725 1585 magna,
2780 1499 2853 1559 in

500 1617 634 1683 qua
675 1608 832 1664 sunt
879 1599 1050 1663 aliae
1097 1617 1427 1664 cavernae
1469 1617 1511 1662 a
1551 1607 1745 1682 parte
1786 1598 2072 1682 sinistra,
2114 1598 2282 1662 satis
2322 1600 2726 1686 profundae,
2780 1603 2852 1666 in

503 1705 741 1787 quibus
782 1704 1127 1789 aliquando
1174 1705 1503 1790 discipuli,
1548 1703 1813 1768 Christo
1868 1710 2130 1788 orante,
2195 1705 2623 1789 quiescebant
2644 1752 2664 1790 ,
2720 1727 2852 1771 non

501 1815 753 1873 tantum
795 1811 864 1872 iu
909 1819 1102 1873 nocte
1143 1811 1369 1873 ultima
1409 1828 1556 1874 cum
1599 1829 1679 1873 eo
1742 1810 1919 1872 intus
1962 1818 2192 1895 erant,
2253 1809 2375 1875 sed
2418 1818 2701 1895 quantus
2743 1820 2854 1875 est

493 1911 711 1994 jactus
755 1913 1014 1996 lapidis,
1058 1915 1140 1978 ab
1185 1933 1266 1978 eo
1307 1916 1539 1978 semoti
1585 1922 1789 1977 erant.
1890 1915 1967 1976 In
2025 1915 2240 1998 capite
2300 1916 2655 1999 speluncae
2715 1919 2852 1982 exit

502 2016 585 2080 de
624 2020 872 2101 pariete
913 2029 1138 2103 petrae
1180 2036 1375 2103 rupee
1399 2019 1768 2102 durissima,
1795 2019 1862 2081 in
1885 2036 2017 2102 qua
2042 2020 2319 2102 angelus
2360 2030 2547 2093 stans
2585 2020 2851 2086 Christo

503 2126 815 2205 apparuit.
901 2123 1039 2189 Sub
1083 2143 1245 2209 rupe
1286 2125 1493 2188 altare
1535 2133 1660 2206 est,
1700 2125 1768 2186 in
1810 2142 1938 2208 quo
1983 2123 2305 2188 interdum
2353 2127 2608 2190 Missae
2668 2126 2851 2191 cele-

504 2227 792 2292 brantur.
893 2228 1065 2294 oiim
1133 2237 1314 2292 erant
1381 2230 1666 2313 parietes
1723 2246 2048 2293 cavernae
2100 2227 2374 2314 depicti,
2432 2233 2613 2296 sicut
2655 2232 2853 2297 hodie

503 2330 848 2419 diligenter
896 2336 1265 2419 inspicienti
1305 2344 1591 2418 apparet.
1658 2334 2117 2397 Pavimentum
2161 2334 2487 2417 quondam
2550 2338 2851 2401 contine-

502 2436 615 2499 bat
653 2441 942 2524 vestigia
977 2458 1260 2525 genuum
1302 2438 1560 2503 Domini
1599 2438 1770 2501 Jesu
1814 2438 2205 2502 durissimae
2244 2446 2476 2522 petrae
2528 2440 2851 2524 impressa

505 2542 909 2629 miraculose,
950 2564 1118 2628 quae
1156 2554 1373 2608 tamen
1417 2543 1696 2625 amplius
1730 2562 1861 2607 non
1905 2543 2211 2607 videntur
2252 2553 2513 2628 propter
2552 2548 2851 2629 peregri-

503 2662 728 2709 norum
777 2650 1203 2733 abrasionem,
1248 2649 1360 2733 qui
1405 2646 1489 2711 de
1531 2648 1693 2711 locis
1744 2650 1996 2712 sanctis
2040 2649 2428 2712 abscindunt
2468 2651 2842 2733 particulas.

509 2750 568 2812 A
609 2753 984 2833 pavimento
1046 2773 1261 2838 usque
1317 2753 1400 2817 ad
1475 2752 2064 2837 superpendentem
2102 2764 2353 2835 petram
2414 2764 2519 2818 est
2572 2754 2843 2819 altitudo

504 2856 764 2920 cubitus
831 2854 976 2922 cum
1037 2859 1324 2926 dimidio.
1432 2859 1685 2921 Lumen
1762 2859 1957 2923 habet
2017 2859 2355 2924 sufficiens
2417 2877 2659 2943 specus
2713 2860 2845 2943 ine,

506 2956 676 3041 quod
729 2962 1022 3025 imittitur
1070 2980 1187 3045 per
1246 2981 1323 3026 os
1380 2960 1559 3045 ejus,
1617 2983 1737 3045 per
1806 2963 1980 3048 quod
2045 2973 2148 3028 est
2213 2965 2550 3045 introitus,
2611 2973 2675 3027 et
2729 2982 2846 3046 per

505 3064 827 3146 quandam
870 3075 1095 3148 petrae
1128 3068 1477 3130 scissuram
1522 3085 1821 3151 magnam
1865 3069 1932 3132 in
1978 3078 2162 3151 parte
2216 3069 2486 3133 sinistra
2557 3086 2677 3151 per
2727 3086 2849 3132 su·-

504 3168 1006 3249 perpendentem
1051 3180 1323 3254 petram.

548 3480 667 3557 De
716 3481 926 3577 loce,
989 3483 1065 3559 in
1150 3507 1294 3585 quo
1349 3485 1704 3561 Dominus
1760 3486 2037 3591 incepit
2086 3488 2326 3563 tristis
2370 3495 2450 3563 et
2499 3484 2800 3562 moestis

466 3614 479 3623 ‘
647 3624 858 3697 esse,
912 3602 1213 3682 dicens:
1267 3604 1498 3681 tristis
1544 3616 1666 3682 est·
1711 3606 1951 3685 anima
1999 3632 2186 3702 mea,
2237 3620 2317 3685 et
2376 3609 2452 3686 in
2502 3628 2643 3706 quo

1134 3723 1469 3830 discipuli
1527 3737 1681 3802 tres
1731 3725 2192 3805 dormierunt.

668 3924 911 3990 Ordine
952 3926 1060 3991 illo
1102 3925 1423 3992 ducuntur
1470 3929 1794 4012 peregrini
1838 3950 1955 4013 per
2002 3930 2148 3996 loca
2194 3932 2524 4017 passionis
2567 3928 2835 4011 Christi,

497 4037 568 4092 ut
598 4029 872 4094 Domino
894 4032 1151 4095 obviam
1171 4020 1462 4117 veniant,
1505 4042 1633 4098 ete
1680 4035 1948 4117 regione
1991 4044 2222 4101 contra
2263 4037 2638 4103 obviantem
2682 4052 2839 4117 pro-

494 4132 747 4197 cedant.
835 4132 911 4196 Si
951 4136 1124 4200 enim
1173 4136 1478 4202 ductores
1525 4137 1842 4201 ducerent
1885 4158 2011 4202 nos
2055 4159 2172 4225 per
2238 4142 2388 4206 vias
2440 4140 2690 4205 Christi
2763 4155 2844 4201 eo

460 4235 736 4319 ·ordine‚
787 4254 915 4321 quo
963 4240 1106 4323 ipse
1144 4240 1460 4306 Dominus
1505 4241 1740 4306 ductus
1784 4242 1923 4326 fuit,
1968 4244 2163 4309 facile
2204 4254 2383 4309 esset
2440 4244 2838 4311 describere,

494 4350 559 4404 et
619 4340 703 4406 ad
757 4341 1158 4409 intellectum
1230 4346 1388 4410 dare
1442 4346 1931 4430 dispositionem
1972 4360 2369 4420 sanctorum.
2474 4348 2612 4412 Sed
2678 4350 2836 4433 quia

495 4445 683 4511 modo
725 4448 1044 4513 contrario
1086 4452 1419 4532 processio
1462 4449 1553 4532 fit,
1599 4449 1890 4517 difficilis
1936 4462 2037 4518 est
2080 4453 2339 4520 traditu.
2400 4449 2841 4517 Procedamus
