3242 5259
1398 336 1529 402 305

459 518 671 600 Ecce,
736 525 1047 602 quantum
1097 518 1329 584 iterum
1372 527 1701 602 evagatus
1760 535 1904 582 sum
1948 518 2032 582 de
2092 519 2457 602 propositi),
2521 521 2640 585 sed

293 622 422 686 iam
465 621 682 686 redeo.
771 621 1048 706 Capella
1095 624 1392 706 praefata
1446 627 1569 687 sub
1616 633 1845 687 monte
1907 623 2255 688 Calvariae
2297 630 2399 688 est
2444 622 2642 689 Chri—

292 727 649 790 stianorum
697 726 780 790 de
817 728 1069 811 Nubis,
1120 730 1232 812 qui
1276 730 1367 794 ibi
1422 729 1643 792 officia
1680 747 1807 792 sua
1847 729 2211 812 celebrant,
2276 738 2342 792 et
2396 728 2640 810 dicunt,

296 831 471 914 quod
513 849 633 895 rex
671 832 1022 910 Melchior,
1065 851 1240 896 unus
1286 833 1371 896 de
1408 834 1616 896 tribus
1657 833 1880 917 Magis
1900 880 1919 917 ‚
1964 834 2047 896 de
2087 834 2324 918 quibus
2365 833 2641 898 habetur

294 936 534 999 Matth.
576 939 663 1022 ᾖ,
704 945 847 1000 erat
890 955 1008 1002 rex
1048 934 1332 1023 Nubiae,
1382 940 1515 1022 qni,
1578 939 1744 1002 dum-
1771 939 1854 1003 de
1895 938 2117 1002 Nubis
2155 958 2358 1022 prope
2397 941 2639 1004 Hiero-

294 1041 616 1126 solymam
657 1045 992 1125 venisset,
1036 1048 1260 1108 urbem
1307 1042 1565 1126 ingredi
1605 1062 1738 1107 non
1780 1043 2018 1129 voluit,
2065 1044 2183 1108 sed
2219 1048 2409 1127 juxta
2450 1062 2639 1108 mon-

297 1156 429 1211 tem
472 1146 829 1212 Calvariae
868 1150 1235 1233 hospitatus
1280 1150 1430 1232 fuit,
1473 1149 1621 1212 ideo
1663 1150 1748 1211 sit
1799 1150 1898 1210 eis
1955 1149 2062 1212 hie
2103 1147 2285 1217 locus
2327 1149 2516 1214 datus
2555 1151 2637 1214 ab

298 1253 583 1334 antiquo.
708 1254 865 1317 Ideo
943 1255 1070 1319 hac
1132 1254 1384 1337 capella
1458 1253 1696 1317 officiis
1776 1255 2220 1336 processionis
2294 1255 2494 1320 finitis
2570 1263 2642 1320 et
2782 1329 2788 1333 ,

293 1355 716 1442 indulgentiis
758 1361 1052 1446 acceptis
1096 1360 1213 1442 st)
1261 1359 1673 1424 recessimus.

398 1590 518 1669 De
564 1592 732 1670 loco
773 1593 947 1687 illo,
995 1593 1118 1670 ubi
1164 1616 1433 1698 corpus
1485 1590 1767 1672 Christi
1787 1593 2191 1671 ‹inunctum
2236 1591 2374 1670 suit
2436 1602 2515 1671 et

775 1714 1194 1793 linteamine
1241 1716 1365 1791 vel
1415 1714 1723 1792 sindone
1767 1713 2183 1791 involutum.

337 1942 344 1952 -
466 1901 809 1964 ssxeuntes
854 1906 1069 1961 autem
1113 1915 1155 1959 a
1204 1898 1456 1980 capella
1498 1897 1613 1961 illa
1656 1896 1738 1961 de
1779 1899 1947 1981 pede
2009 1901 2246 1962 montis
2291 1895 2640 1961 Calvariae

310 2006 750 2086 processimus
772 2003 854 2066 ad
899 2004 994 2067 IX
1032 2019 1273 2086 passus
1316 2021 1459 2066 cum
1506 2003 1780 2086 hymno:
1837 2004 2067 2088 Pange
2109 2004 2334 2086 lingua
2372 2001 2638 2087 gloriosi

296 2108 613 2191 proelium
647 2110 1042 2192 certaminis,
1069 2109 1150 2172 de
1191 2110 1494 2192 passione
1516 2107 1788 2192 Christi,
1833 2118 1896 2172 et
1938 2112 2238 2172 venimus
2281 2107 2363 2170 ad
2407 2107 2639 2190 locum,

302 2214 375 2276 in
440 2231 568 2298 quo
611 2215 677 2276 in
722 2214 1044 2277 ecclesiae
1109 2217 1481 2297 pavimento
1518 2213 1696 2296 jacet
1753 2217 1940 2297 niger
1996 2215 2212 2297 lapis,
2254 2213 2642 2297 quibusdam

296 2319 524 2383 rubeis
555 2319 829 2383 maculis
876 2332 1249 2403 respersus,
1298 2318 1468 2382 bene
1514 2319 1787 2402 politus,
1858 2321 1970 2400 qui
2013 2318 2246 2382 dicitur
2294 2320 2385 2382 ibi
2428 2319 2639 2381 fuisse

295 2432 586 2505 tempore
647 2424 975 2506 passionis
1061 2422 1311 2487 Christi
1348 2422 1540 2505 juxta
1582 2426 1991 2506 sepulchrum
2059 2425 2311 2507 Joseph
2354 2425 2435 2486 ab
2479 2423 2638 2486 Ari·-

299 2529 564 2592 mathia.
647 2529 820 2592 Nam
863 2527 1102 2592 Judaei
1141 2545 1299 2593 suos
1362 2529 1577 2592 lavant
1615 2539 1933 2613 mortuos,
1991 2538 2056 2592 et
2114 2547 2311 2612 super
2352 2529 2634 2592 tabulam

298 2634 584 2716 ligneam
638 2642 749 2697 aut
795 2633 1115 2718 lapideam
1159 2652 1399 2717 corpus
1442 2643 1725 2719 ponunt,
1788 2643 1852 2697 et
1896 2634 2113 2697 officia
2153 2641 2469 2697 consueta
2513 2653 2636 2698 ex-

296 2738 477 2822 plent
519 2739 793 2803 lavando
845 2749 914 2803 et
953 2739 1278 2824 ungendo.
1364 2741 1619 2825 Joseph
1663 2758 1853 2823 ergo,
1897 2741 2010 2822 qui
2051 2739 2461 2822 sepulchrum
2506 2740 2634 2804 sibi

297 2844 638 2908 exciderat
699 2844 783 2908 de
841 2853 1026 2928 petra
1087 2848 1158 2909 iu
1225 2865 1302 2910 eo
1367 2843 1545 2929 loco',
1609 2848 1806 2908 etiam
1872 2844 2155 2908 tabulam
2217 2863 2635 2909 marmoream

298 2949 569 3032 politam
634 2951 760 3013 sibi
821 2950 961 3014 fleri
1035 2950 1225 3035 fecit,
1296 2954 1363 3014 in
1437 2970 1568 3036 qua
1629 2967 1867 3034 corpus
1922 2968 2109 3013 suum
2182 2949 2515 3014 lavaretur
2569 2959 2636 3013 et

297 3062 674 3138 ungeretur.
762 3053 897 3119 Sed
939 3057 1110 3120 sicut
1169 3073 1357 3120 suum
1401 3056 1816 3140 sepulchrum
1881 3053 2147 3119 Christo
2209 3041 2502 3138 tradidit,
2545 3054 2636 3118 ita

297 3167 366 3222 et
409 3158 691 3243 lapidem
736 3160 1001 3224 loturae.
1061 3163 1223 3226 Cum
1266 3179 1423 3247 ergo
1463 3162 1718 3245 Joseph
1759 3170 1825 3224 et
1865 3159 2268 3225 Nicodemus
2311 3179 2456 3225 cum
2495 3163 2635 3224 suis

297 3262 698 3346 adjutoribus
752 3283 989 3350 corpus
1052 3264 1298 3331 Christi
1362 3266 1445 3330 de
1504 3284 1700 3331 cruce
1754 3267 2146 3350 solvissent,
2213 3275 2638 3350 portaverunt

295 3370 505 3452 ipsum
549 3370 676 3433 huc
691 3414 712 3452 ,
755 3379 823 3433 et
864 3371 1105 3435 nudum
1147 3388 1345 3456 super
1384 3374 1559 3436 hunc
1601 3371 1877 3456 lapidem
1920 3381 2215 3435 sanctum
2259 3382 2636 3455 posuerunt,

295 3473 515 3557 ibique
575 3478 928 3557 unguentis
991 3476 1294 3541 foventes
1357 3479 1638 3542 vulnera
1694 3477 2049 3540 linimentis
2093 3483 2163 3539 et
2225 3474 2292 3537 in
2357 3477 2635 3540 sindone

294 3577 537 3642 munda
576 3579 1024 3663 involventes3
1074 3580 1247 3663 (ΙΙ).
1279 3590 1346 3643 et
1404 3584 1471 3645 in
1514 3584 1640 3648 hoc
1690 3580 1938 3643 funeris
1991 3579 2207 3642 officio
2259 3579 2445 3644 affuit
2485 3583 2654 3664 glo--

295 3682 655 3746 riosissima
695 3693 762 3747 et
804 3686 1239 3749 moestissima
1277 3686 1510 3767 Maria,
1555 3683 1817 3766 sedens,
1869 3691 1939 3746 et
1979 3685 2045 3746 in
2087 3684 2234 3744 sinu
2277 3701 2399 3748 suo
2440 3697 2635 3767 ceput

296 3784 705 3852 vulneratum
777 3791 892 3854 filii
948 3791 1230 3872 habens,
1290 3793 1634 3874 ipsumque
1695 3788 1955 3851 sudario
2015 3792 2504 3872 circumligans*
2568 3804 2632 3856 ef

295 3891 510 3954 Maria
546 3892 943 3976 Magdaleua
983 3895 1186 3979 pedes
1240 3912 1497 3977 sacros,
1553 3911 1719 3976 quos
1781 3896 1971 3952 etiam
2039 3896 2101 3952 in
2167 3896 2300 3956 vita
2340 3904 2632 3968 unxerat,

298 3996 797 4080 diligentissime
837 4001 1155 4084 ungebat,
1198 4009 1263 4063 et
1299 3999 1491 4082 juxta
1533 4000 1991 4062 necessitatem
2035 4000 2244 4080 ipsum
2292 4004 2644 4084 pretiosis*

297 4104 533 4166 simum
575 4120 812 4188 corpus
850 4105 921 4168 in
958 4106 1085 4169 hoc
1123 4102 1340 4189 lapide
1379 4101 1790 4167 evolvebant.
1883 4108 2095 4188 Super
2139 4106 2312 4168 hunc
2352 4108 2636 4172 sanctis—

295 4207 528 4272 simum
587 4207 893 4294 lapidem,
966 4230 1084 4294 pro
1128 4210 1343 4294 dolor,
1415 4207 1855 4291 imprudenter
1916 4216 2103 4288 steti,
2159 4220 2227 4272 ut
2272 4228 2472 4292 supra
2520 4208 2632 4272 fol.

302 4308 425 4376 1oe
449 4311 544 4373 ·A.
590 4311 671 4383 B.
710 4317 939 4398 patuit.
983 4317 1179 4380 Hunc
1220 4311 1498 4398 lapidem
1541 4330 1690 4378 cum
1736 4320 2159 4400 processione
2203 4315 2636 4380 eii-cumsimi-

294 4431 480 4499 mm,
540 4425 609 4482 et
669 4420 974 4486 cantibus
1030 4417 1234 4487 finitis
1307 4432 1479 4484 unns
1554 4427 1707 4504 post
1771 4420 1963 4484 alium
2027 4420 2352 4504 provoluti
2424 4420 2632 4500 ipsum

2145 4521 2218 4579 2⁰
