3242 5259
512 508 899 596 quacunque
915 506 1186 573 materia
1211 504 1433 587 vellet,
1454 513 1523 571 et
1565 506 1694 590 ipsi
1728 507 1812 571 de
1848 507 2053 591 trihus
2088 508 2275 592 cquis
2306 504 2590 570 melioris
2614 503 2863 571 sonae

510 612 748 701 equum
802 611 959 697 (8¹7
970 612 1079 697 A)
1146 608 1391 694 eligere
1447 612 1730 696 vellent,
1820 623 1886 677 et
1945 611 2302 677 secundum
2358 628 2510 677 eum
2588 628 2863 675 aeneum

509 738 746 808 equum
801 719 944 783 fleri
1006 727 1333 802 oportere:
1399 716 1578 781 illum
1646 738 1803 783 vero
1847 717 2196 799 artificem,
2258 716 2369 803 qui
2431 716 2864 781 formaliorem

509 846 747 912 equum
789 824 1091 909 fecisset,
1153 823 1322 886 ultra
1380 825 1671 907 precium
1709 820 2047 889 ‘statatum
2109 820 2492 886 muneribus
2540 821 2866 887 bonomo

492 930 939 996 intenderunt.
1041 928 1530 992 Convenieutes
1613 938 1831 993 autem
1890 940 2027 994 tres
2094 928 2462 1012 sculptores
2521 925 2864 1009 Venetis,

508 1055 680 1101 unus
722 1036 875 1098 fecit
917 1052 1154 1117 equum
1197 1052 1282 1097 ex
1324 1034 1504 1117 ligno
1561 1037 1946 1119 cooperiens
1986 1034 2162 1098 corio
2211 1035 2435 1116 nigro,
2490 1032 2601 1115 qui
2650 1031 2872 1095 stabat.

512 1144 582 1206 in
630 1140 882 1225 capella
916 1139 1244 1223 praefata:
1264 1144 1358 1202 'et
1398 1140 1491 1203 ita
1532 1139 1738 1202 vivax
1781 1134 1921 1202 era't
1963 1140 2090 1205 hoc
2144 1137 2628 1219 simulachrum,
2670 1132 2866 1219 quod,

510 1246 640 1310 nisi
682 1243 1055 1328 magnitudo
1096 1243 1359 1308 insolita
1399 1251 1463 1306 et
1494 1244 1915 1307 immobilitas
1950 1262 2188 1327 equum
2228 1243 2405 1306 illum
2446 1252 2587 1306 arte
2624 1242 2867 1309 factum

509 1349 830 1434 proderet,
871 1350 1084 1432 ipsum
1127 1366 1281 1411 esse
1321 1348 1682 1414 naturalem
1722 1349 1913 1412 homo
1951 1350 2196 1411 vivens
2227 1349 2623 1411 aestimaret.
2666 1347 2866 1411 Alius

512 1455 753 1523 artifex
796 1473 1033 1539 equum
1074 1452 1261 1516 finxit
1303 1471 1389 1516 ex
1426 1452 1584 1537 luto,
1616 1455 1772 1517 etin
1809 1454 2076 1517 fornace
2105 1453 2367 1517 decoxit
2402 1451 2867 1547 subtilissimae

514 1561 782 1643 formae,
814 1558 1047 1624 ruffum
1091 1558 1326 1622 colore.
1375 1559 1634 1621 Tertius
1678 1578 1763 1622 ox
1804 1576 1956 1622 cera
1995 1558 2323 1641 compegit
2372 1576 2609 1641 equum
2651 1556 2867 1620 album

513 1664 1000 1748 elegantissime
1039 1664 1402 1728 formatum.
1489 1664 1571 1727 Et
1615 1664 1793 1729 hune
1833 1664 2069 1732 Veneti
2125 1661 2503 1746 elegerunt,
2562 1671 2870 1746 tanquam

513 1772 727 1850 magis
770 1766 1195 1851 artificialem,
1237 1769 1747 1851 magistrumque
1787 1777 2382 1831 remuneraverunt.
2435 1762 2609 1846 Quid
2650 1777 2867 1831 autem

515 1872 600 1936 de
641 1886 811 1957 eqio
856 1870 1187 1934 fundendo
1232 1888 1384 1934 aero
1427 1870 1559 1955 fiet,
1589 1890 1722 1935 non
1764 1871 2021 1935 audivi.-
2066 1873 2233 1936 forte
2275 1874 2468 1936 etiam
2506 1872 2862 1957 dimittent3

515 1978 664 2041 visa
709 1994 865 2060 ergo
906 1975 1018 2038 illo
1063 1975 1409 2040 Conventu
1449 1985 1516 2039 et
1557 1977 1662 2040 his
1703 1994 1873 2062 quae
1914 1975 2088 2041 diota
2127 1986 2281 2041 suut
2317 1979 2572 2042 reversi
2637 1994 2872 2041 sumus

516 2083 587 2151 hi
626 2082 837 2147 locum
878 2090 1192 2144 nostrum.

687 2287 936 2370 Quarta
998 2290 1138 2375 die,
1205 2308 1375 2376 quae
1417 2300 1558 2355 erat
1627 2289 1950 2356 dominica
2019 2293 2294 2358 Vocem‘
2325 2291 2757 2377 jucunditatis
2800 2300 2869 2355 et

522 2396 759 2460 festum
834 2397 1263 2461 Beatissimae
1346 2397 1645 2480 Virginis
1708 2396 1779 2459 S.
1842 2398 2247 2462 Katharinae
2315 2398 2398 2462 de
2481 2398 2713 2481 Senis,
2786 2397 2871 2460 de

520 2503 914 2584 poenitentia
956 2500 1030 2567 S.
1052 2501 1372 2565 Dominici
1416 2502 1836 2564 transivimus
1869 2502 1952 2565 ad
1990 2502 2064 2567 S.
2085 2504 2455 2567 Johannem
2487 2513 2551 2566 et
2565 2502 2863 2585 Paulum,

520 2614 593 2669 et
625 2606 718 2669 ibi
757 2608 1159 2689 processioni
1202 2606 1474 2669 solemni
1516 2614 1583 2669 et
1626 2604 1858 2670 Officio
1903 2606 2123 2670 divino
2180 2607 2500 2672 affuimus.
2590 2609 2679 2671 Et
2722 2616 2862 2670 erat

520 2717 660 2773 tota
737 2709 1020 2774 ecclesia
1094 2711 1291 2795 plena
1344 2710 1713 2775 homiuibus
1775 2720 1845 2777 et
1896 2711 2139 2776 multae
2194 2714 2487 2796 Reginae
2568 2710 2863 2779 eiusdem

522 2814 785 2877 habitus
825 2794 1175 2880 erant⁶ibi.
1267 2812 1471 2881 Porro
1514 2816 1686 2879 insra
1725 2814 2027 2880 Officium
2075 2818 2350 2879 transivi
2408 2814 2492 2879 ad
2557 2817 2868 2879 ambitum

520 2919 813 3003 fratrum,
840 2929 908 2982 et
947 2922 1160 3004 reperi
1198 2921 1289 2984 ibi
1316 2930 1759 2987 transeuntem
1783 2922 2056 2995 fratrem
2074 2919 2339 2986 Ordinis
2379 2923 2528 3004 mei,
2552 2920 2868 2985 ferentem

521 3023 805 3106 &asignia
847 3026 1330 3108 peregrinorum
1382 3033 1595 3089 terrae
1655 3035 1960 3111 sanctae,
2010 3026 2094 3090 de
2150 3027 2486 3111 provincia
2528 3025 2869 3117 Franciae,

523 3135 593 3189 et
630 3125 715 3191 de
755 3135 1082 3195 coaventu
1127 3128 1477 3211 Insulensi,
1518 3132 1631 3214 qui
1673 3132 1870 3195 etiam
1910 3135 2227 3215 navigare
2268 3132 2607 3197 nobiscum
2646 3114 2868 3215 imen-

523 3229 750 3312 dehat3
776 3249 921 3295 cum
958 3231 1066 3296 illo
1095 3251 1251 3316 ergo
1294 3236 1589 3298 contraxi
1614 3236 1929 3321 notitiam,
1952 3246 2018 3299 et
2058 3236 2291 3300 foedus
2332 3236 2530 3301 simul
2559 3236 2868 3303 inivimus

522 3354 639 3420 pro
684 3344 904 3398 nostra
966 3336 1424 3400 consolatione.
1509 3320 1955 3403 veruntamen
2006 3342 2076 3403 in
2132 3360 2343 3405 meam
2411 3338 2665 3423 galeam
2727 3356 2859 3404 uon

522 3442 737 3525 venit,
780 3440 898 3503 sed
956 3441 1025 3502 in
1068 3440 1293 3504 aliam:
1351 3458 1551 3526 saepe
1594 3452 1809 3507 tamen
1850 3447 1920 3508 in
1962 3444 2332 3509 Jerusalem
2374 3447 2526 3530 ipse
2561 3445 2754 3529 mihi,
2798 3452 2865 3506 et

525 3564 647 3629 ego
704 3546 862 3629 sibi,
907 3546 974 3608 in
1024 3546 1532 3641 consolationem
1587 3551 1792 3614 venit.
1877 3550 2039 3614 Post
2094 3551 2437 3633 prandium
2504 3569 2627 3633 ego
2685 3550 2869 3613 solus

523 3650 832 3739 navigavi
865 3650 957 3743 ‘ad
999 3650 1072 3716 S.
1118 3652 1577 3737 Dominicum,b
1607 3664 1679 3718 ut
1730 3655 2017 3719 viderem
2060 3656 2293 3719 Patres
2340 3665 2406 3719 et
2448 3655 2872 3719 ostenderunt

521 3755 679 3823 mibi
719 3773 976 3820 manum
1018 3742 1214 3820 uriam
1265 3758 1582 3840 integram
1628 3760 2063 3825 Beatissimae
2115 3761 2414 3844 Virginis
2475 3761 2873 3825 Kathariuae

523 3856 607 3921 de
628 3856 845 3949 Senis,
875 3858 1071 3923 valde
1109 3859 1450 3924 delicatam
1493 3871 1562 3925 et
1587 3862 1909 3951 gross'am,
1956 3883 2104 3931 cum
2144 3867 2448 3930 carnibus
2476 3874 2543 3928 et
2585 3866 2872 3948 ossibuS,

522 3978 716 4047 quam
759 3972 824 4026 et
866 3960 1253 4048 aliqu'otiens
1285 3965 1699 4031 deosculatus
1746 3966 1986 4055 fui.,‡1n
2030 3968 2258 4034 eodem
2292 3969 2640 4055 Convqntu
2675 3971 2868 4032 etiam

523 4067 734 4150 reperi
782 4068 1105 4152 quendam
1171 4069 1434 4133 fratrem
1480 4068 1746 4133 Ordinis
1789 4071 1872 4134 de
1908 4064 2193 4155 Neapoli
2247 4075 2533 4157 insignia
2575 4075 2874 4156 peregri-

521 4190 750 4237 norum
790 4173 1003 4236 sancti
1056 4173 1382 4257 sepulchri
1438 4174 1799 4237 ferentem:
1858 4193 2008 4238 cum
2067 4195 2196 4260 quo
2251 4181 2444 4242 etiam
2486 4178 2862 4240 societatem

524 4272 669 4339 t‘eci.
752 4274 901 4351 Sed,
931 4295 1054 4340 nec
1095 4279 1347 4359 ipsein
1412 4295 1619 4341 meam
1664 4276 1920 4362 galeam
1981 4280 2108 4344 fluit
2171 4290 2488 4364 receptus.
2578 4278 2734 4344 Post
2779 4280 2862 4343 ad

521 4381 871 4465 hospitium
894 4382 1172 4465 ,navigio
1218 4399 1523 4445 reversus
1565 4401 1730 4451 sum.
