3242 5259
1575 271 1703 346 m

465 478 624 528 eum
681 455 1053 524 muneribus
1116 454 1542 538 exhibebant,
1597 463 1665 519 et
1702 461 2087 544 manustra
2125 451 2399 537 pacifica
2437 452 2807 520 inductione

463 566 815 648 instabant,
857 561 1124 647 quilibet
1162 569 1475 644 patronus
1517 578 1637 642 pro
1677 560 1818 622 suis
1859 558 2242 642 peregrinis.
2285 558 2373 621 Et
2409 560 2807 643 accipientes

465 689 735 737 munera
774 678 1184 756 patronorum
1216 666 1692 750 promittebant,
1719 682 1797 728 se
1831 663 2110 728 fideliter
2149 665 2490 729 nobiscum
2525 674 2809 729 acturos.

467 779 1040 862 Interrogaverunt
1081 781 1297 837 autem
1335 772 1591 854 patroni
1634 766 1927 836 dominos
1951 770 2242 853 Mauros,
2281 787 2398 834 cur
2439 787 2585 833 cum
2630 777 2811 838 tanta

468 882 758 966 potentia
803 878 1268 961 advenissent,
1310 886 1377 940 et
1419 894 1589 964 quae
1642 875 2028 958 necessitas,
2079 876 2460 960 peregrinos
2526 874 2811 937 inermes

469 1005 620 1051 cum
659 993 755 1052 tot
795 979 1061 1048 armatis
1096 982 1425 1048 inducere.
1484 981 1595 1044 Ad
1637 982 1763 1045 hoc
1811 979 2305 1064 responderunt,
2339 979 2513 1065 quod
2552 977 2812 1042 Arabes

469 1090 555 1156 de
594 1090 760 1155 locis
802 1084 1082 1152 desertis
1124 1087 1572 1152 ascendissent
1611 1085 1683 1149 in
1721 1094 1958 1148 terram
2008 1083 2079 1147 in
2108 1103 2349 1168 magna
2381 1084 2811 1168 multitudine,

469 1206 541 1262 et
577 1195 936 1278 spoliarent
970 1193 1312 1258 obviantes
1375 1194 1510 1274 eis,
1566 1208 1693 1255 nec
1733 1189 1927 1253 alicui
1966 1198 2343 1274 parcerent,
2409 1191 2538 1253 nisi
2578 1198 2816 1273 poten-

472 1299 742 1366 tioribus
771 1337 788 1350 -
811 1315 921 1362 se:
999 1307 1067 1362 et
1130 1297 1268 1381 jam
1340 1306 1494 1362 actu
1561 1295 1917 1359 exercitum
1985 1313 2290 1378 magnum
2351 1295 2420 1359 in
2489 1296 2815 1359 montibus

470 1402 815 1485 ducerent,
860 1410 928 1466 et
968 1402 1184 1486 opinio
1226 1401 1569 1468 multorum
1610 1407 1822 1483 esset,
1885 1400 2060 1484 quod
2101 1410 2365 1484 propter
2429 1402 2814 1484 peregrinos

471 1509 878 1576 Christianos
941 1517 1254 1572 venturos
1316 1507 1500 1571 illum
1560 1505 1916 1569 exercitum
1978 1504 2414 1588 collegissent.
2501 1504 2575 1569 Id
2640 1506 2815 1569 circo

470 1632 622 1679 cum
662 1614 814 1677 sorti
869 1631 1067 1678 manu
1105 1614 1472 1695 venissent,
1533 1620 1607 1676 ut
1654 1629 1778 1675 nos
1813 1618 1955 1674 tute
1998 1610 2067 1673 in
2121 1609 2495 1675 Jerusalem
2545 1617 2817 1692 possent

473 1718 732 1784 ducere.
827 1716 1100 1781 Praeter
1163 1718 1335 1782 hanc
1426 1734 1693 1781 causam
1763 1714 1940 1779 illius
2003 1715 2308 1780 insolitae
2386 1713 2817 1784 multitudinis

473 1823 670 1888 aliam
723 1821 1147 1904 assignabant
1210 1821 1470 1905 quidam
1526 1820 1852 1904 dicentes,
1912 1818 2088 1905 quod
2128 1822 2195 1883 in
2248 1821 2378 1885 isto
2420 1839 2579 1884 vere
2643 1817 2816 1882 facta

472 1928 562 1994 sit
600 1925 820 1990 valida
872 1933 1228 2008 tempestas
1249 1921 1337 1990 'in
1379 1927 1644 2010 regione
1685 1924 1969 1991 civitatis
2009 1924 2308 2006 Mechae,
2365 1925 2473 1989 ubi
2508 1923 2816 2007 templum

472 2031 799 2116 sepulchri
889 2028 1292 2093 detestabilis
1376 2030 1772 2095 Machometi
1840 2037 1976 2110 est,
2070 2029 2140 2093 in
2209 2047 2340 2114 qua
2430 2038 2818 2112 tempestate

475 2136 695 2220 fulgur
735 2135 817 2198 de
868 2134 1052 2199 eaelo
1111 2135 1381 2220 cecidit,
1435 2145 1501 2200 et
1556 2133 1972 2218 sepulchrum
2025 2133 2417 2197 Machometi
2471 2152 2618 2198 cum
2674 2132 2818 2216 ejus

469 2240 820 2308 maledicto
862 2257 1134 2322 corpore
1189 2241 1545 2306 combussit
1598 2250 1666 2304 et
1705 2241 1774 2303 in
1814 2237 2150 2322 pulverem
2192 2238 2460 2323 redegit.
2546 2242 2651 2303 Ex
2692 2257 2820 2323 quo

478 2345 652 2412 facto
696 2347 802 2410 sui
844 2344 1134 2410 cultores
1175 2353 1628 2430 argumentum
1669 2342 2055 2410 cessationis
2094 2360 2258 2406 suae
2284 2345 2821 2426 perversissimae

475 2449 648 2533 legis
722 2450 1086 2532 accipiunt,
1172 2459 1238 2513 et
1302 2448 1712 2520 Christianos
1787 2449 1886 2511 eis
1975 2447 2416 2513 dominaturos
2490 2459 2782 2514 metuunt
2797 2472 2820 2513 .-

475 2555 718 2620 idcirco
763 2571 910 2618 cum
952 2553 1177 2622 valida
1219 2572 1416 2619 manu
1456 2562 1806 2636 venerunt,
1850 2571 1937 2615 ne
1992 2553 2234 2637 aliquid
2282 2573 2401 2638 per
2440 2556 2821 2639 peregrinos

465 2657 622 2742 fieri
656 2668 900 2743 posset.
986 2658 1240 2726 Ambae
1281 2669 1495 2725 autem
1538 2677 1782 2724 causae
1824 2658 2085 2724 fuerunt
2138 2675 2357 2721 verae.
2450 2658 2821 2725 Secundam

439 2805 450 2816 -
479 2774 694 2829 autem
741 2764 823 2829 de
837 2764 1233 2832 Hachometi
1262 2766 1762 2829 comminutione
1794 2763 1926 2846 ipsi
1966 2780 2097 2826 non
2124 2761 2423 2828 dicebant
2458 2766 2822 2847 manifeste,

405 2877 428 2894 “
477 2869 598 2935 &d
642 2868 764 2935 fnit
802 2870 990 2934 nobis
1040 2887 1158 2953 per
1219 2868 1542 2954 quendam
1606 2868 2044 2934 Mamalucum
2108 2866 2364 2931 occulte
2424 2869 2615 2935 dicta.
2686 2869 2824 2933 Sed

480 2993 567 3038 ne
607 2974 893 3038 cultores
948 2973 1346 3038 Machometi
1405 2973 1802 3058 diffiderent,
1869 2984 1938 3037 et
1980 2972 2436 3058 desperarent,
2501 2982 2568 3039 et
2629 2993 2825 3058 pere-

478 3079 926 3161 grinationem,
969 3093 1161 3161 quam
1204 3095 1419 3144 annue
1457 3079 1528 3141 in
1568 3078 1873 3142 Mecham
1918 3078 2191 3161 faciunt,
2240 3078 2651 3164 dimitterent,
2692 3079 2825 3144 tale

481 3178 886 3246 mendacium
958 3181 1496 3263 excogitaverunt
1555 3181 1934 3246 sacerdotes
1993 3202 2238 3247 eorum.
2333 3182 2578 3248 Dicunt
2629 3185 2822 3268 enim,

481 3286 694 3350 Deum
752 3284 1135 3349 Sarracenis
1190 3285 1316 3349 hoc
1377 3303 1551 3349 anno
1614 3283 1822 3348 fnisse
1890 3287 2159 3352 nimium
2217 3286 2542 3353 offensum
2584 3299 2650 3354 et
2706 3308 2823 3354 eos

483 3391 777 3456 voluisse
818 3379 1078 3472 pentius
1120 3387 1469 3453 delevisse.
1552 3387 1694 3459 Sed
1758 3390 2212 3456 Machometns
2282 3392 2655 3458 intercessit
2705 3413 2821 3477 pro

484 3496 604 3578 eis,
648 3505 715 3558 et
754 3494 966 3558 Deum
1008 3494 1258 3577 petivit,
1300 3503 1372 3558 ut
1413 3502 1738 3558 averteret
1780 3496 1941 3559 iram
1981 3497 2062 3559 ab
2096 3498 2218 3580 eis,
2255 3506 2321 3561 et
2362 3498 2429 3561 in
2471 3516 2550 3562 se
2588 3499 2824 3564 malum

486 3619 705 3664 eorum
727 3607 1177 3684 .retorqueret;
1222 3611 1413 3682 quam
1457 3600 1833 3683 petitionem
1873 3599 2057 3665 Deus
2100 3600 2381 3686 audivit,
2447 3614 2514 3667 et
2555 3604 2825 3669 fulmine

483 3705 687 3768 misso
755 3704 840 3768 de
909 3703 1094 3768 coelo
1164 3721 1402 3786 corpus
1459 3704 1605 3788 ejus
1665 3708 2105 3790 comsumpsit.
2194 3707 2344 3770 Hoc
2417 3709 2824 3774 mendacium

483 3809 720 3893 populo
759 3803 1169 3893 praedicant,
1223 3817 1292 3872 et
1334 3808 1536 3893 major
1569 3811 1705 3894 jam
1750 3820 1853 3876 est
1890 3812 2327 3895 peregrinatio
2373 3813 2457 3876 ad
2497 3814 2823 3894 Mecham,

483 3929 676 3995 quam
719 3914 898 4000 prius
940 3912 1168 3976 fuerat.
1211 3912 1315 3977 De
1353 3913 1467 3978 illa
1495 3918 2012 3999 peregrinatione
2051 3917 2207 3980 vide
2252 3924 2414 3999 part.
2436 3918 2522 3981 Π.
2575 3915 2685 3980 fol.
2713 3915 2818 3979 62.

486 4019 746 4084 Interea
818 4015 972 4081 dum
1034 4018 1287 4099 patroni
1368 4038 1517 4084 cum
1581 4018 1858 4084 dominis
1920 4019 2472 4105 colloquerentur,
2544 4018 2824 4082 vidimus

485 4119 692 4198 alium„
735 4139 975 4186 novum
1039 4124 1394 4208 exercitum
1456 4123 1541 4188 ad
1599 4123 1756 4187 litus
1819 4126 2016 4188 maris
2078 4124 2485 4206 venientem,
2559 4124 2630 4186 in
2690 4141 2823 4206 quo

483 4226 777 4290 exercitu
811 4243 942 4289 non
984 4236 1169 4290 erant
1208 4228 1393 4312 equi,
1433 4228 1553 4293 sed
1597 4227 1744 4312 (ΙΙ)
1787 4226 2222 4292 tautummodo
2265 4227 2455 4310 asini,
2492 4229 2603 4312 qui
2641 4236 2825 4291 erant

481 4330 740 4397 collecti
782 4330 868 4397 de
909 4330 1192 4396 diversis
1234 4331 1483 4398 villulis
1515 4352 1633 4420 pro
1660 4333 1868 4398 nobis.
1914 4332 1989 4397 In
2016 4330 2128 4397 illo
2160 4332 2489 4402 asinorum
2512 4335 2822 4420 exercitu,
