3242 5259
1770 228 1900 293 242

649 410 973 477 ecclesiae
1037 408 1251 476 adhue
1308 408 1842 474 manifestissima
1888 413 2149 494 patent,
2196 415 2273 473 ut
2339 410 2682 496 sequeutia
2720 409 3007 480 demon-

650 517 970 584 strabunt.
1053 516 1260 598 Igitur
1301 529 1447 578 cum
1483 513 1585 578 sol
1629 521 1812 579 ortus
1856 523 2039 579 esset
2081 523 2147 577 et
2183 523 2439 599 tempus
2479 517 2729 582 Missas
2770 518 3008 582 eeleb-

652 623 838 688 randi
885 609 1163 685 ‘adesset
1185 665 1206 705 ,
1253 618 1545 704 pulsavit
1582 621 1865 684 sacrista
1882 619 2190 704 tabulam,
2236 640 2366 684 non
2395 623 2569 688 enim
2604 624 2844 688 habent
2871 642 3010 689 noc

652 741 1026 811 campanas,
1069 742 1195 789 nec
1216 725 1423 808 nolas,
1472 742 1596 787 nec
1619 724 2018 808 tintinabula,
2042 744 2165 791 noe
2186 728 2485 791 sinuntur
2524 728 2762 811 quovis
2803 724 3008 789 modo

649 833 891 897 habere
933 832 1013 894 ab
1056 829 1449 913 infidelibus,
1499 829 1620 893 sed
1665 830 1900 896 tabulis
1943 830 2179 915 ligneis
2214 831 2371 895 dant
2415 832 2497 895 ad
2520 830 2758 895 Officia
2779 832 3026 934 sigua,

650 941 826 1002 sicut
865 956 986 1001 nos
1032 936 1303 1000 facimus
1347 934 1510 998 feria
1546 935 1663 1000 VI.
1705 935 2134 1006 Parasceves.
2215 937 2304 999 Et
2326 939 2777 1027 cougregatis
2781 936 3012 998 omni-

650 1044 774 1108 bus
823 1044 891 1106 in
946 1040 1292 1105 ecclesiam
1360 1048 1787 1103 cantaverunt
1858 1042 2211 1105 solenniter
2268 1042 2537 1126 primam
2593 1052 2661 1105 et
2716 1023 3019 1121 tertiam,

651 1156 716 1211 et
759 1157 908 1231 post
949 1148 1203 1209 tertiam
1249 1146 1568 1228 processit
1630 1153 1815 1227 pater
1875 1144 2245 1210 Gardianus
2299 1164 2443 1208 cum
2500 1148 2640 1211 suis
2681 1145 3008 1208 ministris

650 1253 935 1336 pretiose
976 1251 1216 1314 ornatis
1260 1248 1342 1312 ad
1386 1267 1708 1312 summum
1754 1248 2058 1313 Officium
2102 1248 2598 1334 perficiendum,
2657 1253 2722 1308 et
2771 1251 3010 1307 cautor

652 1358 783 1421 alta
824 1375 994 1420 voce
1034 1355 1365 1420 inchoavit
1398 1356 1718 1418 cauticum
1759 1353 1840 1417 de
1871 1355 2137 1419 canticis
2164 1354 2381 1439 Syon:
2420 1352 2704 1438 Spiritus
2730 1347 3009 1413 Domini

653 1461 966 1546 replevit,
1021 1470 1086 1524 et
1127 1478 1352 1524 omnes
1417 1460 1639 1524 cleriei
1693 1468 1759 1521 et
1795 1461 2119 1544 peregrini
2156 1459 2332 1524 docti
2390 1458 2780 1525 adiuvabant
2823 1473 3005 1535 eum,

654 1576 719 1630 et
763 1585 910 1630 cum
933 1563 1222 1648 jocunda
1263 1564 1970 1632 solemnitateuissam
2015 1565 2097 1629 de
2129 1565 2375 1648 Spiritu
2423 1571 2651 1629 sancto
2689 1559 3007 1626 cantavi-

651 1689 813 1734 mue.
899 1673 1046 1734 Hoc
1087 1670 1258 1733 enim
1303 1669 1603 1734 Officium
1662 1671 2061 1753 congruebat
2124 1669 2301 1753 loco,
2361 1673 2516 1754 quia
2556 1669 2647 1732 ibi
2707 1664 3005 1749 Spiritus

648 1784 919 1839 sanctus
963 1775 1206 1840 missus
1247 1782 1352 1837 est
1413 1773 1761 1840 visibiliter
1811 1774 2185 1858 discipulis3
2229 1781 2292 1837 et
2317 1774 2609 1858 tempori,
2652 1774 2808 1856 quia
2850 1777 3003 1832 erat

654 1878 977 1942 dominica
1015 1879 1187 1962 V11.,
1227 1881 1294 1943 iu
1337 1897 1469 1963 qua
1507 1878 1590 1942 de
1631 1877 1691 1940 7.
1734 1880 2015 1961 panibus
2056 1883 2129 1945 fit
2172 1879 2584 1962 mentio,.qui
2624 1878 2774 1942 vn.
2825 1874 3006 1939 dona

651 1982 933 2065 Spiritus
975 1985 1188 2047 sancti
1230 1983 1597 2068 designant.
1659 1981 1796 2046 Sub
1841 1982 2078 2050 Officio
2120 1997 2241 2050 nos
2282 1983 2657 2047 sacerdotes
2696 1980 3005 2045 celebra-

650 2089 868 2151 vimus
911 2090 978 2150 in
1018 2096 1294 2173 quatuor
1335 2089 1645 2151 altaribus
1690 2090 1980 2172 paratis,
2039 2098 2109 2152 et
2157 2089 2314 2152 mihi
2378 2088 2498 2151 fuit
2556 2088 2748 2151 datus
2805 2077 3001 2147 locus

651 2192 1020 2258 celebrandi
1064 2193 1128 2255 in
1139 2193 1338 2256 serius
1379 2195 1445 2256 in
1490 2194 1753 2277 ambitu,
1797 2196 1864 2258 in
1906 2194 2161 2278 capella
2201 2191 2271 2258 S.
2332 2194 2617 2258 'rhomae
2672 2188 2999 2276 Apostoli,

654 2317 823 2383 quae
880 2305 986 2362 est
1048 2297 1116 2362 iu
1174 2297 1315 2360 loco
1367 2297 1478 2359 ubi
1510 2296 1830 2362 Dominus
1882 2300 2169 2362 'rhomae
2235 2299 2431 2364 dixit:
2498 2299 2667 2362 infer
2724 2295 3000 2379 digitum

652 2414 830 2468 tuum
875 2404 1024 2487 huc,
1109 2401 1391 2468 Johann.
1428 2401 1533 2464 20.
1577 2401 1739 2466 Post
1795 2404 2205 2486 evangelium
2250 2405 2483 2468 summi
2541 2401 2758 2465 Officii
2799 2401 3001 2464 vertit

650 2525 729 2572 se
771 2516 955 2592 pater
999 2505 1364 2572 Gardianus
1442 2514 1506 2568 et
1549 2507 1616 2567 in
1662 2507 1893 2572 Latino
1938 2508 2091 2571 fecit
2126 2508 2459 2591 pulchrum
2506 2525 2869 2574 sermonem
2912 2504 3001 2568 de

650 2611 1213 2676 commendatione
1253 2610 1541 2678 iocorum
1587 2621 1979 2700 sanctorum,
2022 2621 2091 2675 et
2135 2613 2218 2677 de
2261 2613 2498 2677 devota
2550 2632 2770 2678 eorum
2824 2611 2998 2674 visi-

653 2719 915 2802 tatione,
953 2707 1154 2803 'quem
1197 2719 1498 2794 ‘sermone
1520 2717 2067 2800 interpretabatur
2111 2718 2503 2782 venerabilis
2546 2726 2729 2801 pater
2748 2715 2997 2779 Paulus

656 2823 1018 2906 Guglinger
1059 2823 1126 2914 in
1167 2823 1566 2896 'theutonico
1605 2821 2069 2888 saecularibus.
2112 2822 2312 2886 Porro
2351 2823 2474 2887 sub
2519 2820 2770 2885 Officiis
2811 2827 2996 2881 eraut

658 2929 831 2994 ostia
868 2925 1152 3011 (94⁴1)
1202 2927 1455 3008 clausa,
1497 2935 1562 2990 et
1604 2925 1948 2994 Sarraceni
2000 2944 2041 2990 a
2098 2926 2261 2992 soris
2304 2930 2563 2991 stabant
2625 2945 2769 2991 cum
2814 2944 2994 2989 mer-

655 3035 982 3098 catoribus
1019 3031 1312 3100 inmulto
1339 3051 1627 3095 numero.
1682 3029 1974 3115 Contigit
2011 3038 2232 3095 autem
2267 3031 2390 3094 sub
2415 3029 2651 3098 Officio
2666 3039 2816 3115 post
2845 3048 2994 3094 ser-

655 3155 911 3200 monem
982 3135 1218 3220 aperiri
1293 3139 1525 3200 ostium
1602 3145 1867 3219 propter
1940 3135 2279 3220 cujusdam
2347 3137 2795 3220 emissionem3
2869 3137 2997 3201 hoc

654 3239 960 3304 videntes
1001 3240 1352 3306 Sarraceni
1393 3260 1539 3306 cum
1582 3242 1862 3305 tumultu
1897 3259 1975 3304 se
2015 3243 2085 3303 in
2136 3245 2373 3305 ostium
2426 3243 2871 3327 ingesserunt,
2929 3252 2997 3307 et

657 3344 1004 3408 ecclesiam
1044 3347 1325 3428 ingressi
1367 3358 1540 3430 suut,
1575 3346 1766 3429 juxta
1803 3346 2032 3412 altaria
2073 3352 2327 3409 stantes
2354 3391 2377 3429 ,
2418 3348 2730 3430 mysteria
2769 3357 2997 3414 nostra

659 3449 1121 3533 respicientes:
1169 3451 1407 3518 nullam
1443 3461 1664 3516 tamen
1708 3452 2193 3518 irreverentiam
2236 3452 2531 3516 fecerunt
2552 3498 2572 3534 ,
2636 3453 2761 3518 uisi
2822 3455 2997 3540 quod

653 3554 745 3618 ibi
785 3556 1045 3620 stabant
1089 3564 1154 3619 et
1198 3555 1697 3622 admirabantur.
1785 3556 2177 3620 Sacerdotes
2217 3564 2433 3619 autem
2473 3554 2640 3641 ipsis
2679 3575 2996 3642 pmseu·

658 3660 834 3726 tibus
877 3664 1260 3747 pausabant,
1301 3680 1640 3748 quousque
1679 3681 1796 3747 per
1836 3662 2075 3727 fratres
2129 3669 2351 3725 essent
2390 3661 2581 3746 ejecti
2600 3709 2621 3746 ,
2686 3666 2798 3750 qui
2862 3686 2993 3736 nou

657 3765 727 3827 vi
762 3764 1062 3848 pellendo
1105 3775 1222 3832 aut
1249 3767 1560 3834 trahendo
1581 3776 1698 3834 aut
1738 3766 2072 3853 litigando,
2113 3765 2233 3830 sed
2256 3777 2591 3833 mansuete
2632 3771 2995 3839 inducendo

659 3878 724 3934 et
766 3870 1054 3953 rogando
1098 3890 1215 3937 eos
1262 3873 1696 3968 secluserunt,
1739 3881 1809 3938 et
1849 3876 1941 3939 ita
1982 3871 2265 3938 officium
2307 3873 2556 3940 finitum
2601 3886 2725 3941 est.
