3242 5259
787 512 915 578 llis
980 513 1262 596 peractis
1323 510 1408 575 ad
1462 510 1588 575 loci
1658 509 2239 577 considerationem
2296 530 2419 578 nos
2492 513 2966 579 convertimus.

622 617 745 684 Est
785 617 956 688 enim
1000 616 1183 680 loeus
1233 615 1345 679 ille
1383 615 1453 678 in
1508 615 1721 680 altiori
1769 614 2051 679 culmine
2108 617 2345 680 montis
2387 614 2667 701 Oliveti,
2720 620 2789 680 in
2828 617 2983 681 tine

627 721 773 804 ejus
806 721 1108 805 australi,
1169 721 1343 783 sicut
1386 715 1686 783 Galilaea
1744 719 2079 803 praedicta
2120 729 2221 784 est
2261 722 2331 784 in
2372 720 2503 784 fine
2544 723 2977 805 septemtrio-

628 827 759 891 nali
800 827 1036 891 montis
1052 870 1074 909 ,
1116 835 1184 889 et
1223 824 1409 888 locus
1468 812 2047 907 praenuntiationis
2103 827 2316 890 obitus
2374 827 2627 891 uariae
2666 826 2969 910 Virginis

625 933 693 996 in
733 930 945 996 medio
993 938 1099 994 est
1135 930 1304 993 inter
1338 929 1696 995 Galilaeam
1741 937 1809 991 et
1848 929 2061 993 locum
2103 931 2511 995 ascensionis
2554 932 2676 994 sub
2712 928 2967 1013 jugum.

626 1040 701 1102 ln
743 1037 870 1101 hoc
912 1044 1145 1099 sancto
1185 1034 1329 1097 loco
1370 1042 1506 1097 stat
1545 1033 1816 1118 grandis
1858 1034 2142 1098 ecclesia
2184 1034 2485 1119 rotunda,
2529 1042 2756 1100 ornatc
2796 1053 2969 1099 con-

624 1150 899 1225 structa,
945 1141 1038 1205 ita
1078 1148 1316 1222 tamen,
1360 1137 1532 1223 quod
1574 1141 1643 1202 in
1683 1156 1987 1223 supremo
2030 1157 2160 1204 non
2199 1148 2303 1202 est
2343 1140 2675 1204 testudine
2717 1148 2965 1224 operta.

624 1248 762 1313 Sed
819 1249 964 1331 ipsa
1039 1241 1297 1308 testudo
1356 1261 1502 1307 cum
1576 1242 1896 1308 industria
1957 1245 2154 1309 habet
2228 1260 2535 1329 magnam
2594 1253 2965 1331 aperturam

625 1351 996 1434 rotundam,
1057 1351 1180 1413 sub
1225 1365 1356 1433 qua
1418 1355 1725 1430 apertura
1777 1355 1911 1411 stat
1976 1347 2373 1414 dominicae
2395 1350 2800 1413 ascensionis
2842 1365 2969 1413 ca-

621 1455 798 1541 pella
837 1456 960 1519 sub
998 1454 1105 1518 dio
1117 1498 1142 1536 ,
1183 1455 1358 1516 sicut
1398 1452 1652 1536 capella
1689 1450 1993 1517 dominici
2033 1452 2379 1535 sepulchri.
2449 1452 2699 1518 Dicunt
2740 1460 2968 1517 autem

623 1561 971 1643 historiae,
1015 1558 1186 1643 quod
1225 1557 1376 1622 dum
1416 1556 1646 1620 fideles
1686 1557 1891 1639 primo
1932 1558 2002 1621 in
2038 1559 2186 1627 loco
2227 1559 2634 1643 ascensionis
2696 1557 2965 1621 Domini

626 1667 972 1731 ecclesiam
1014 1664 1435 1746 fabricarent,
1508 1678 1784 1745 eamque
1837 1680 2034 1746 opere
2094 1673 2358 1727 arcuato
2408 1673 2632 1748 tegere
2692 1660 2967 1744 vellent,

625 1769 878 1855 lapides
901 1785 1165 1831 arcuum
1182 1766 1374 1830 nulla*
1398 1775 1538 1830 arte
1561 1774 1903 1850 potuerunt
1926 1770 2234 1853 coaptari,
2269 1777 2335 1830 et
2377 1767 2526 1831 illos
2549 1766 2641 1850 [i]
2683 1764 2966 1849 lapides,

623 1893 790 1962 quos
832 1872 1189 1958 ponebant,
1231 1884 1384 1934 mox
1422 1872 1631 1954 positi
1662 1870 2066 1935 decidebant.
2157 1870 2359 1950 Quod·
2378 1881 2456 1935 ut
2499 1871 2728 1935 fideles
2769 1869 2966 1934 vide-

625 1986 797 2060 runt‚
840 1968 1461 2059 1m011010mut5nei
1501 1976 1899 2041 voluntatem
1944 1995 2116 2062 esse,
2160 1976 2333 2061 qnod
2375 1976 2560 2049 loeus
2602 1975 2965 2040 dominicae

624 2082 1042 2148 ascensionis
1097 2097 1140 2144 a
1200 2089 1374 2144 terra
1411 2099 1623 2165 usque
1665 2081 1749 2145 ad
1803 2082 2054 2167 coelum
2098 2083 2297 2145 muris
2316 2090 2406 2143 ·et
2447 2081 2775 2147 testudine
2828 2098 2963 2143 non

622 2196 804 2253 esset
852 2184 1303 2269 occupandus,
1347 2186 1466 2251 sed
1506 2195 1773 2270 patens,
1816 2186 1977 2250 liber
2043 2193 2119 2263 et,
2174 2195 2438 2269 apertus
2480 2195 2789 2255 maneret.
2812 2198 2839 2227 ·'
2874 2186 2963 2248 Et

620 2295 715 2359 ita
780 2291 1198 2357 aedificantes
1279 2289 1681 2355 deduxerunt
1758 2289 2018 2374 quidem
2077 2292 2467 2359 testudinem
2543 2309 2661 2375 per
2723 2290 2969 2354 circui-

623 2408 758 2464 tum
836 2416 881 2460 a
948 2382 1337 2461 rotunditate
1414 2397 1612 2478 muri,
1696 2394 1818 2458 sed
1892 2412 2021 2469 non
2085 2402 2699 2463 consummaverunt
2722 2441 2744 2479 ,
2808 2396 2968 2479 quin

623 2511 990 2588 aperturam
1027 2504 1101 2563 ut
1141 2499 1306 2584 dixi,
1368 2516 1670 2583 maguam
1709 2499 2225 2591 dereliquerunt,-
2282 2503 2470 2585 cujus
2526 2520 2704 2565 oram
2755 2501 2967 2563 sectis

626 2616 694 2672 et
759 2606 979 2692 politis
1059 2594 1381 2688 lapidibus
1468 2623 1585 2687 per
1670 2624 1905 2697 gyrum
1979 2607 2369 2699 clauserunt.
2493 2606 2664 2670 Dum
2744 2613 2965 2669 autem

624 2711 1051 2776 aedificantes
1112 2707 1199 2771 ad
1261 2707 1845 2791 pavimentandam
1888 2710 2149 2793 ipsam
2140 2711 2515 2785 ecclesiam
2584 2711 2966 2775 marmoreis

627 2817 866 2882 tabulis
921 2806 1379 2901 procederent,
1435 2822 1503 2877 et
1567 2812 1812 2879 locius·-
1793 2857 1815 2900 ,
1875 2802 1991 2879 ubi'
2052 2820 2375 2885 steterunt
2434 2814 2637 2899 pedes
2712 2813 2965 2879 Christi

623 2920 1040 2987 ascendent-is
1063 2962 1087 3003 ‚
1155 2918 1502 3003 cooperire
1582 2920 1833 2986 vellent
1858 2966 1881 3005 ,
1970 2932 2131 2987 mox
2221 2921 2351 3004 ipsi
2449 2908 2706 3007 lapides
2811 2918 2962 2981 loco

634 3026 948 3110 applicati
1026 3023 1404 3089 resiliebant
1458 3025 1530 3088 in
1604 3042 1720 3101 ora
1776 3024 2252 3117 aedificantium
2268 3070 2292 3109 ,
2370 3033 2487 3087 et.
2521 3025 2651 3089 hoc
2700 3025 2966 3126 totiens

632 3133 932 3214 quotiens
990 3129 1200 3193 locum
1249 3124 1449 3192 illum
1501 3124 1863 3212 (1494)
1924 3131 2322 3195 conabantur
2400 3130 2674 3213 operire.
2784 3129 2967 3191 Hinc

630 3234 950 3299 ecclesiae
1011 3240 1153 3296 erat
1205 3232 1527 3317 quondam
1572 3252 1896 3299 annexum
1937 3234 2184 3321 grande
2232 3234 2690 3297 monachorum
2733 3249 2968 3296 mona-

626 3340 889 3404 sterium
906 3382 926 3421 ,
989 3336 1251 3402 Ordinis
1285 3339 1509 3423 nigri,
1547 3339 1879 3409 habentes
1921 3340 2241 3437 Abbatem
2286 3338 2657 3431 insulamn,
2700 3345 2768 3399 et
2807 3342 2973 3400 ante

628 3444 827 3508 multa
866 3452 1154 3526 tempora
1195 3443 1649 3508 habitaverunt
1688 3446 1761 3507 in
1801 3443 1946 3511 loco
2003 3444 2115 3508 illo
2157 3445 2407 3507 sancti
2398 3451 2489 3521 et
2540 3436 2761 3506 devoti
2812 3443 2967 3526 viri,

628 3548 714 3613 ad
772 3568 1043 3632 quorum
1111 3548 1593 3632 instigationem
1658 3558 1727 3612 et
1796 3550 2173 3633 petitionem
2231 3552 2501 3627 sanctus
2563 3549 2969 3632 Jeronymns

628 3654 1019 3738 conscripsit
1054 3655 1240 3719 vitas·
1267 3662 1557 3737 patrum3
1601 3662 1675 3719 ut
1715 3652 1990 3719 habetur
2027 3656 2096 3719 in
2135 3655 2404 3739 prologo
2451 3653 2742 3735 eiusdem
2790 3652 2964 3717 libri.

626 3760 704 3823 In
743 3758 877 3823 illis
918 3760 1135 3823 aureis
1175 3759 1573 3843 temporibus
1610 3768 1707 3824 tot
1762 3759 2097 3843 lampades
2158 3760 2227 3822 in
2260 3759 2383 3833 ‚illa
2442 3754 2725 3822 ecclesia
2764 3756 2967 3821 arde-

629 3867 782 3927 bant
800 3908 822 3948 ,
881 3879 1052 3949 quae
1097 3882 1224 3946 per
1285 3862 1515 3926 fideles
1569 3864 1671 3927 ibi·
1701 3862 2181 3949 nutriebantur,
2226 3864 2401 3948 quod
2455 3871 2663 3927 totum
2717 3861 2966 3937 clivum

632 3970 867 4034 montis
911 3966 1154 4033 oliveti
1175 3952 1634 4045 illustrabant,
1681 3952 1748 4031 et
1788 3970 2169 4034 anteriorem
2206 3976 2456 4053 portem
2499 3967 2787 4041 civitatis
2832 3965 2969 4029 Je-

629 4073 910 4137 rusalem
972 4073 1264 4156 fulgores
1323 4088 1544 4135 eorum
1600 4071 2049 4138 illuminabant
2110 4075 2282 4138 ultra
2336 4070 2576 4136 vallem
2636 4071 2970 4155 Josa'pbat

626 4177 979 4246 radiantes.
1060 4176 1117 4240 Ε
1171 4176 1437 4260 regione
1478 4196 1638 4242 vero
1682 4186 1835 4255 ‚erat
1885 4188 1952 4243 et
2010 4188 2116 4243 est
2174 4178 2369 4244 hodie
2414 4162 2727 4261 templum
2762 4176 2970 4240 Salo-

627 4282 870 4364 monis,
937 4279 1006 4351 in
1054 4297 1184 4364 quo
1228 4283 1419 4344 etiam
1462 4290 1559 4345 tot
1597 4277 1843 4346 lumina
1893 4282 2209 4348 ardebant
2254 4292 2323 4347 et
2371 4281 2743 4367 lampades,
2784 4278 2968 4362 quod

625 4393 876 4467 partem
916 4386 1300 4455 anteriorem
1338 4386 1576 4451 montis
1630 4384 1873 4452 oliveti
1912 4384 2391 4460 illuminabant}
2425 4389 2534 4453 Ex
2570 4386 2704 4453 illis
2740 4393 2970 4451 auten
