3242 5259
494 618 650 695 De·
666 611 923 709 loeo,
899 640 975 691 m
1025 638 1168 719 quo
1218 612 1560 695 Christus
1621 621 2021 713 resurgens
2066 614 2391 738 occurrit
2428 609 2854 688 mulieribus

1357 734 1665 815 dicens.
1714 735 2021 812 Avetel
2420 783 2433 792 -

660 922 850 987 Visis
925 922 1062 1006 jam
1119 919 1315 986 dictis
1375 916 1461 983 de
1512 919 1902 983 monasterio
1964 920 2219 1004 egressi
2302 935 2534 983 sumus
2610 927 2677 983 et
2734 937 2856 1003 per

498 1032 718 1093 vicum
760 1028 1037 1091 ulterius
1078 1025 1539 1110 processimus,
1583 1033 1653 1088 et
1692 1025 1759 1088 in
1783 1025 1895 1089 via
1935 1024 2020 1088 ad
2061 1024 2274 1089 lecum
2295 1023 2617 1109 quendam
2659 1025 2856 1088 veni-

500 1151 669 1217 mus,
713 1133 822 1196 ubi
867 1134 935 1194 in
977 1131 1238 1215 publica
1276 1139 1487 1194 strata
1523 1128 1698 1213 lapis
1743 1146 2017 1213 magnus
2058 1138 2319 1193 erectus
2381 1130 2614 1193 stabat.
2714 1126 2853 1208 Qui

497 1238 644 1304 ideo
690 1240 771 1302 ab
812 1238 1094 1322 antiquis
1136 1234 1526 1301 Christianis
1562 1235 1655 1298 ibi
1697 1244 1801 1299 est
1834 1235 2110 1319 locatus,
2153 1236 2307 1319 qnia
2343 1234 2411 1298 in
2452 1233 2569 1298 illo
2608 1233 2750 1298 leco
2786 1243 2859 1298 et

498 1347 566 1408 in
607 1345 740 1407 ista
777 1344 888 1407 via
926 1343 1221 1427 apparuit
1261 1340 1559 1407 dominus
1615 1340 1827 1405 tribus
1880 1340 2113 1403 Mariis
2182 1357 2225 1402 a
2289 1347 2700 1403 monumento
2742 1358 2857 1403 re-

493 1450 919 1531 vertentibus,
961 1447 1046 1511 ad
1087 1466 1255 1533 quos
1298 1446 1495 1513 dixit:
1538 1448 1777 1510 Avete.
1864 1443 1950 1508 Et
1991 1445 2143 1509 illae
2185 1451 2555 1529 prostratae
2617 1453 2858 1509 tenue-

498 1564 650 1621 runt
695 1554 899 1640 pedes
955 1553 1141 1638 ejus,
1195 1563 1270 1618 nt
1338 1555 1614 1619 babetur
1672 1550 1995 1615 Matthaei
2032 1552 2141 1617 28.
2204 1550 2305 1614 Ibi
2349 1568 2507 1635 ergo
2550 1550 2858 1634 prostrati

501 1662 715 1727 locum
797 1661 1226 1743 vestigiorum
1305 1657 1558 1724 Christi
1644 1656 2006 1722 deoseulati
2090 1673 2319 1720 sumus
2408 1666 2475 1720 et
2538 1656 2817 1740 lapidem
2834 1702 2858 1740 ,

502 1777 570 1832 et
619 1765 1057 1849 indulgentias
1121 1765 1494 1847 accepimus
1561 1765 1696 1847 st).
1787 1760 2130 1842 Quondam
2186 1764 2374 1824 stetit
2427 1762 2517 1825 ibi
2572 1762 2860 1825 ecclesia

502 1889 759 1955 magna,
802 1888 997 1956 quam
1035 1866 1382 1933 Sarraceni
1426 1869 1907 1950 destruxerunt,
1950 1870 2122 1931 sicut
2162 1875 2229 1930 et
2289 1865 2459 1930 alias
2511 1867 2854 1934 ecclesias.

504 1979 698 2041 quta
735 1978 911 2042 hunc
955 1973 1236 2056 lapidem
1272 1982 1381 2039 est
1420 1976 1535 2039 via
1571 1975 1833 2059 publica
1873 1972 1956 2036 de
2018 1979 2239 2036 monte
2278 1970 2465 2055 Syon
2508 1972 2852 2057 (mma)

503 2077 589 2142 ad
629 2077 1039 2162 sepulchrum
1072 2078 1353 2164 Domini,
1403 2080 1498 2144 ita
1541 2077 1713 2164 quod
1758 2077 2038 2161 singulis
2062 2074 2291 2140 diebus
2331 2079 2657 2160 peregrini
2682 2078 2859 2143 hunc

507 2182 722 2250 locum
780 2184 1281 2268 pertransibant,
1340 2203 1466 2270 ego
1537 2184 1929 2270 quandoque
1979 2199 2112 2245 nna
2163 2181 2271 2246 die
2331 2182 2393 2245 6.
2458 2184 2715 2249 vicibus
2768 2186 2859 2249 ibi

507 2290 921 2372 pertransivi.
1036 2290 1160 2356 Est
1234 2297 1456 2358 autem
1524 2290 2009 2375 peregrinorum
2087 2288 2372 2350 omnium
2433 2289 2859 2371 consuetudo,

506 2393 680 2478 quod
751 2395 1052 2479 quotiens
1126 2394 1407 2480 aliquem
1461 2394 1675 2460 locum
1744 2401 2043 2458 sanctum
2112 2401 2564 2475 pertranseunt
2582 2440 2605 2478 ‚
2662 2398 2859 2459 etlam

507 2507 694 2566 extra
733 2498 1055 2563 actualem
1097 2500 1524 2565 intentionem
1565 2497 1878 2563 visitandi
1920 2497 2066 2560 loca
2082 2505 2338 2579 sancta,
2359 2499 2603 2564 totiens
2646 2500 2859 2565 locum

506 2601 965 2668 deosculantur
1006 2611 1075 2667 et
1114 2605 1383 2670 vadunt.
1428 2603 1545 2669 Sic
1587 2621 1769 2687 ergo,
1810 2603 2109 2688 quotiens
2136 2602 2418 2688 lapidem
2461 2604 2861 2689 praedictum

511 2708 1071 2793 pertransivimus,
1117 2712 1363 2776 totiens
1423 2730 1573 2775 eum
1639 2708 2176 2774 deosculabamur
2194 2755 2215 2792 ,
2282 2708 2454 2792 quod
2516 2709 2862 2776 Sarraceni

512 2822 876 2898 cernentes,
926 2817 1039 2901 qui
1101 2835 1189 2880 ex
1232 2818 1532 2901 opposito
1593 2815 2009 2879 morabantur
2068 2812 2305 2897 lapidis
2367 2814 2433 2877 in
2490 2814 2679 2880 domo
2699 2860 2720 2898 ,
2793 2826 2862 2881 et

510 2916 843 2984 devotioni
884 2923 1367 3005 peregrinorum
1410 2922 1785 2986 invidentes
1837 2927 2032 2983 nocte
2070 2920 2284 3001 ipsum
2325 2918 2602 3002 lapidem
2644 2919 2862 3004 lique-

512 3022 704 3087 factis
746 3025 1047 3090 humanis
1084 3027 1481 3091 stercoribus
1521 3024 1966 3110 perfuderunt,
2009 3042 2159 3086 eum
2204 3023 2488 3087 totaliter
2531 3024 2862 3089 foedave-

513 3137 683 3210 runt,
727 3137 794 3192 et
835 3130 928 3190 ita
967 3127 1437 3196 deosculationi
1468 3130 1964 3195 abominabilem
1988 3126 2420 3192 reddiderunt.
2463 3131 2600 3194 Isto
2642 3138 2861 3194 tamen

512 3250 643 3296 non
679 3236 981 3297 obstante
1004 3232 1262 3317 quidam
1293 3236 1680 3318 peregrinus
1707 3234 2119 3297 vestimentis
2162 3233 2306 3300 suis
2360 3233 2638 3318 lapidem
2682 3236 2869 3300 tersit

513 3338 585 3404 in
628 3336 758 3400 loci
797 3344 986 3420 parte
1029 3335 1499 3401 deosculationi
1540 3346 1734 3423 apta:
1780 3343 1850 3402 et
1892 3339 1990 3400 ita
2028 3335 2242 3401 locum
2285 3357 2416 3402 nen
2454 3340 2692 3423 minus,
2735 3342 2863 3404 imo

516 3441 584 3504 in
639 3440 1088 3506 confusionem
1155 3440 1661 3506 Sarracenorum
1727 3441 2004 3526 amplius
2065 3445 2559 3507 venerabamur
2660 3446 2865 3509 Istum

517 3544 894 3628 despectum
951 3545 1249 3611 fecerunt.
1287 3546 1476 3614 nobis
1512 3546 1860 3614 sarraceni
1898 3549 1966 3610 in
2010 3547 2228 3613 multis
2292 3549 2455 3670 locis
2506 3549 2754 3615 sanctis
2794 3549 2863 3614 in

514 3647 879 3716 Jerusalem
923 3661 990 3716 et
1029 3651 1203 3717 alibi.

743 3898 914 3975 Arx
962 3897 1208 3977 David
1243 3899 1526 3978 faciens
1567 3899 1782 3978 finem
1828 3902 2094 3980 montis
2136 3900 2346 4005 Syon
2395 3910 2649 3979 contra

1481 4018 1954 4098 occidentem.

683 4199 836 4263 Non
875 4199 1073 4285 longe
1109 4201 1382 4267 ulterius
1408 4210 1634 4268 contra
1693 4202 2094 4268 occidentem
2119 4205 2528 4288 procedendo
2571 4205 2868 4270 venimus

515 4305 604 4369 ad
652 4322 854 4369 cornu
896 4306 1130 4369 montis
1172 4306 1387 4391 Syon,
1430 4307 1514 4372 ad
1557 4307 1750 4372 finem
1802 4309 1947 4391 ejus
1981 4309 2050 4372 in
2105 4318 2289 4393 parte
2330 4310 2755 4393 occidentali,
2800 4317 2868 4372 et

518 4405 608 4474 ibi
649 4420 752 4475 est
793 4427 912 4475 arx
952 4408 1190 4479 David.
1291 4412 1381 4477 Et
1422 4412 1616 4479 bodie
1656 4422 1788 4478 stat
1828 4415 1917 4478 ibi
1963 4411 2385 4480 fortissImum
2450 4423 2738 4480 castrum
2802 4423 2875 4478 et
