3242 5259
1620 306 1704 368 14

483 504 801 576 quaerere
843 496 910 549 et
969 486 1157 568 sequi
1222 502 1502 548 neeesse
1564 494 1688 547 est.
1778 483 2161 567 Apostolica
2216 501 2494 568 namque
2549 486 2713 550 tides
2763 499 2827 551 et

481 596 624 660 vita
662 593 748 657 de
790 601 964 654 terra
1010 598 1239 652 sancta
1282 608 1452 672 pene
1493 587 1754 671 defecit,
1797 606 2039 671 greges
2084 589 2299 672 etiam,
2344 592 2455 674 qui
2498 593 2830 675 apostolos

481 698 728 764 Christi
789 693 1054 760 so'dales
1112 703 1178 757 et
1242 704 1505 758 nostros
1548 702 1847 776 pastores
1902 695 1968 756 in
2035 713 2272 779 magno
2335 716 2601 760 numero
2644 701 2830 783 sequi

480 804 779 868 solebant
822 800 904 863 ad
949 783 1214 882 pasc'ua,
1258 800 1387 862 iam
1426 798 1708 881 dispersi
1755 807 1909 861 sunt
1947 817 2063 882 per
2098 801 2344 881 orbem,
2382 811 2450 863 et
2487 820 2529 863 a
2568 804 2831 865 Ierusa-

480 907 609 971 lem
676 906 1148 988 migraverunt3
1178 903 1383 1005 ,quod
1429 902 1761 999 deplangit
1822 905 1958 966 Jer.
2014 921 2071 966 c.
2117 905 2203 968 X.
2254 925 2325 973 v.
2390 908 2495 971 21.
2562 908 2826 970 dicensz

485 1009 713 1074 Omnis
756 1027 920 1092 grex
959 1027 1182 1071 eorum
1228 1008 1565 1092 dispersus
1607 1017 1728 1071 est.
1812 1010 1896 1071 Et
1937 1006 2112 1071 Esai.
2176 1007 2274 1072 17.
2318 1011 2395 1072 2:
2463 1010 2831 1075 Derelictae

483 1117 786 1179 civitates
840 1115 1149 1196 gregibus
1206 1123 1413 1176 erunt.
1501 1110 1672 1175 olim
1739 1114 1909 1176 enim
1968 1123 2154 1176 erant
2207 1115 2510 1178 civitates
2535 1160 2554 1197 ,
2609 1116 2828 1199 villae,

481 1229 548 1283 et
590 1222 782 1284 etiam
834 1237 1097 1281 nemora
1120 1228 1330 1281 terrae
1372 1228 1662 1299 sanctae,
1701 1218 1946 1301 repleta
1965 1219 2297 1302 gregibus,
2320 1219 2408 1282 ibi
2445 1219 2831 1291 videbantur

479 1326 635 1409 agni
677 1323 860 1386 multi
902 1341 1021 1405 per
1079 1323 1549 1405 innocentiam,
1593 1340 1756 1386 oves
1822 1341 1960 1406 per.
1980 1318 2390 1407 patientiam,
2447 1325 2653 1390 boves
2701 1330 2833 1408 'per

482 1430 933 1510 maturitatem,
962 1426 1146 1490 aselli
1188 1447 1305 1509 per
1328 1427 1839 1511 simplicitatem3
1864 1427 2242 1510 elephantes
2285 1422 2403 1511 pei·
2446 1432 2831 1515 castitatem,

483 1535 667 1597 cervi
709 1553 827 1617 per
868 1550 1131 1595 cursum
1176 1532 1454 1594 fervoris
1477 1573 1502 1608 ,
1562 1550 1811 1594 vaccae
1871 1550 1989 1615 per
2028 1532 2472 1597 Praelatorum
2511 1535 2832 1598 sollicitu-

483 1638 698 1701 dinem
739 1646 889 1719 post
948 1636 1189 1699 vitulos
1232 1638 1620 1720 mugientes,
1659 1645 1730 1699 et
1771 1637 1874 1700 lac
1915 1638 2180 1719 copiose
2222 1638 2682 1702 ministrantes.
2773 1637 2829 1701 Ο

483 1760 677 1827 quam
721 1732 1137 1802 delectabile*
1160 1748 1315 1801 tunc
1358 1751 1496 1803 erat
1558 1743 1626 1803 in
1668 1744 2187 1824 peregrinatione
2242 1745 2532 1825 evagari,
2588 1744 2831 1826 egredi,

483 1856 551 1910 et
591 1847 789 1928 abire,
832 1842 1089 1926 quando
1132 1861 1262 1905 non
1307 1852 1456 1924 post
1506 1846 1801 1926 vestigia
1856 1862 2130 1937 gregum
2151 1891 2171 1929 ,
2238 1847 2386 1959 sed⁶
2413 1855 2564 1929 post
2625 1865 2832 1909 voces

484 1958 816 2033 pastorum
838 1993 858 2031 ,
921 1949 1045 2029 ipsi
1114 1934 1395 2029 greges’
1422 1956 1488 2009 et
1546 1949 1871 2035 peregrini
1932 1951 2012 2010 in·
2049 1942 2362 2032 gregibus
2435 1949 2518 2012 ad
2586 1968 2833 2032 pascua

489 2062 861 2135 sanctorum
886 2052 1172 2114 locorum
1204 2051 1619 2114 ducebantur.
1655 2054 1850 2161 ''l'unc
1892 2054 2064 2116 enim
2107 2053 2177 2116 S.
2224 2040 2479 2137 Petrus,
2528 2056 2832 2141 pfinceps

484 2167 840 2243 pastorum,
868 2140 1122 2243 ‘greges
1164 2154 1518 2239 dfiminicos
1546 2140 1760 2239 'pavit
1820 2157 2092 2221 coelesti
2152 2159 2513 2244 sapientia,
2576 2159 2833 2244 quando

486 2281 614 2327 nec
656 2281 815 2363 cai-g
834 2280 960 2325 nec
996 2263 1267 2355 sangnis
1304 2260 1434 2326 ‘sibi
1457 2262 1796 2345 revelayit,
1839 2260 1958 2324 sed
2000 2270 2186 2345 pater
2220 2263 2527 2328 coelestis
2547 2264 2832 2348 ‹infudit3

484 2368 588 2432 De
638 2368 766 2452 (juo
808 2364 1069 2439 matth..
1091 2362 1188 2430 fii.
1216 2387 1299 2437 J.
1346 2364 1550 2465 rsus·
1572 2342 1834 2471 ⁸Ppulus‘
1875 2358 2444 2455 edsjavit,vitam'
2471 2370 2833 2463 angelicam

485 2473 874 2537 inducendo.
963 2468 1356 2559 Ideff'jlissit:
1402 2474 2096 2549 nostra-conversatio
2152 2475 2222 2536 in
2262 2472 2486 2543 coelis„
2505 2485 2628 2539 est.
2663 2476 2842 2547 Phil.

484 2558 546 2643 3.
591 2598 656 2646 v.
702 2578 806 2641 20.
851 2576 920 2639 S.
954 2552 1270 2671 ssqffreas
1314 2594 1431 2640 eos
1472 2579 1698 2661 pavit,
1766 2570 2410 2662 crucis-mysterii*
2464 2580 2833 2664 aperiendo,

488 2692 553 2745 et
595 2683 738 2766 ejus
778 2664 1052 2766 gldriam
1106 2681 1567 2752 ostendendw*
1588 2666 1805 2747 '’Unde
1864 2683 2020 2750 dicit
2091 2668 2388 2750 cuidam:
2449 2682 2505 2746 Ο
2547 2686 2607 2748 si
2664 2682 2835 2747 vetis

487 2806 686 2851 nosse
730 2788 1111 2871 mysterium
1153 2789 1388 2869 crucis,
1433 2790 1757 2869 operietur
1797 2789 1914 2851 tibi
1957 2791 2072 2851 via
2112 2790 2366 2852 salutis.
2412 2788 2483 2849 S.
2541 2787 2835 2851 Joeobus

486 2892 701 2975 Major
742 2911 905 2955 oves
946 2880 1301 2954 dominicas
1339 2892 1540 2973 pavit,
1580 2901 1839 2954 secreta
1882 2892 2192 2975 sglutaria
2213 2894 2311 2954 eis
2340 2891 2833 2953 manifestando.

491 2997 561 3059 S.
608 2997 946 3060 Johannes
1002 2974 1386 3076 eo⁸s⁴¹pavit,
1446 2993 1851 3058 dulcedinem
1885 2995 2314 3089 jnculcando.
2400 2992 2473 3056 S.
2530 2993 2836 3067 Thomas,

491 3099 643 3163 fidei
679 3118 879 3177 vesae
921 3098 1233 3160 alimenta
1251 3097 1697 3185 miniffirando.
1743 3098 1814 3159 S.
1841 3092 2438 3218 Jacobusfflipor?
2470 3078 2835 3193 sanctitatis

490 3203 788 3286 exempla
830 3201 1067 3265 dando.
1154 3201 1227 3267 S.
1273 3200 1644 3284 Philippus,
1675 3199 2074 3297 coelfltibus
2144 3204 2483 3266 desideriis
2539 3221 2656 3265 eas
2709 3204 2836 3266 im-

488 3306 883 3391 pinguando,
909 3316 1111 3370 eteas
1149 3307 1252 3369 his
1276 3308 1637 3369 contentari
1674 3306 1913 3389 docuit,
1947 3308 2206 3371 dicens:
2245 3294 2542 3395 lemine,
2564 3307 2838 3409 ¹ostende

491 3414 677 3476 nobis
718 3421 986 3496 patrem,
1031 3420 1096 3474 et
1141 3410 1631 3491 sufficit-nobis.
1697 3411 1847 3475 Joh.
1899 3414 1996 3476 14.
2041 3414 2101 3477 8.
2189 3414 2259 3477 S:
2304 3414 2836 3477 Bartholomaeus

494 3517 754 3580 assidue
812 3537 997 3581 orare
1056 3518 1308 3601 demit,
1370 3527 1447 3580 et.
1504 3519 1594 3580 ita
1649 3536 1881 3581 verum
1947 3518 2258 3602 pabulum
2326 3524 2658 3613 quaer-ere.
2763 3518 2837 3587 S.

489 3618 865 3687 Matthaeus
911 3622 1532 3707 poenitentiai'tcibo
1575 3624 1904 3706 saginavit
1947 3623 2381 3694 Christianos,
2443 3624 2522 3695 S.
2571 3624 2835 3695 Simeon

491 3728 573 3791 ad
620 3727 1024 3792 obedientiae
1059 3746 1377 3812 praesepe
1414 3728 1923 3819 greges'Christi
1968 3729 2220 3827 ligavit?
2303 3730 2374 3794 S.
2422 3728 2836 3813 ThaddaeuS,

492 3833 576 3896 ad
604 3832 830 3916 jugem
874 3835 1359 3925 confessionem
1402 3833 1663 3897 divinae
1706 3833 1919 3897 laudis
1957 3854 2072 3898 eas
2113 3836 2386 3901 indux'it.
2421 3832 2501 3921 ,8.
2525 3835 2839 3901 Matthias

493 3939 575 4002 ad
615 3938 1037 4003 humilitatem
1074 3957 1197 4002 eas
1218 3924 1562 4003 'instruxit-
1650 3939 1725 4009 S.
1799 3942 2051 4024 Lucas,
2117 3940 2242 4021 bos
2299 3936 2658 4003 laboriosus
2680 3984 2701 4023 ,
2756 3938 2840 4001 ad

489 4044 910 4108 laborandum
953 4045 1265 4109 animavit
1312 4043 1556 4109 Chr’nti
1610 4063 1790 4109 oves.
1839 4044 1948 4141 ¹'S‘
2014 4047 2282 4113 Marcus
2302 4090 2325 4130 ,
2367 4026 2838 4145 leotterra‘bilig

492 4151 785 4213 timorem
843 4151 1104 4215 Domini
1172 4152 1546 4215 inculcavit.
1660 4150 1732 4215 S.
1800 4152 2137 4243 Barnahas
2208 4169 2331 4215 sua
2405 4150 2838 4213 sollicitudine

448 4255 730 4363 'multos
774 4257 855 4320 ad
894 4258 1124 4320 salutis
1161 4244 1412 4341 pascua
1451 4258 1723 4320 induxit.
1812 4255 2001 4320 Unde
2050 4255 2291 4321 factum
2329 4265 2471 4343 est,
2511 4266 2587 4320 ut
2644 4256 2840 4338 longe

488 4371 638 4445 pest
697 4362 1029 4447 apostolos
1090 4372 1360 4428 sanctos
1427 4371 1563 4427 tota
1624 4361 1859 4447 Syria,
1919 4362 2123 4427 'retra
2182 4372 2450 4445 sancta,
2517 4358 2837 4442 Galilaea,
