3242 5259
1441 374 1566 444 &1

340 552 598 616 Habent
643 556 831 618 etiam
877 554 1190 638 capellam
1235 556 1380 623 suh
1402 567 1617 623 monte
1641 557 2004 645 Calymne,
2046 561 2113 624 in
2157 580 2286 646 qua
2329 583 2520 648 reges
2560 565 2684 628 Je-

339 658 618 723 rusalem
662 659 844 723 latini
885 668 1037 723 sunt
1086 659 1343 744 sepulti.
1431 661 1515 726 Ut
1560 665 1768 747 patuit
1816 682 2018 755 supra
2055 665 2165 730 fol.
2213 667 2340 732 11⁸7
2375 669 2457 731 A.

1020 895 1141 972 De
1190 874 1553 971 Jacobitis
1604 892 2019 975 haereticis.
2054 882 2067 895 ⁴

433 1076 825 1153 ,⁸Jaeobitae
868 1084 1021 1139 sunt
1063 1075 1272 1141 etiam
1309 1074 1380 1137 in
1419 1064 1691 1159 templo,
1733 1084 1809 1149 et
1833 1050 2174 1159 possident
2212 1078 2279 1141 in
2306 1078 2447 1143 suis
2488 1084 2683 1149 terris

337 1180 544 1243 multa
583 1199 786 1264 regna
827 1180 1113 1244 orientis.
1201 1179 1372 1243 Sunt
1409 1190 1626 1244 autem
1672 1180 2041 1265 singulares
2084 1182 2376 1268 heretici,
2422 1186 2488 1249 in
2509 1187 2683 1255 nul-

338 1287 426 1348 tis
467 1282 913 1351 damnabiliter
956 1296 1265 1351 errantes.
1354 1283 1933 1350 circumcisionem
1971 1296 2273 1372 ser-vanu
2337 1290 2682 1374 et'pueros

337 1391 422 1454 sd
472 1390 670 1455 ubera
712 1393 937 1455 matris
984 1391 1351 1476 pendentes
1394 1392 1516 1454 sub
1566 1398 1845 1476 utraque
1890 1392 2119 1475 specie
2148 1396 2679 1463 mmmunicam·
2661 1440 2680 1479 ,

338 1503 409 1559 et
450 1497 623 1559 circa
645 1495 906 1565 Christi
946 1498 1404 1569 humanitatem
1450 1495 1883 1578 multipliciter
1951 1496 2201 1597 citant.
2292 1499 2381 1563 Hi
2442 1498 2681 1563 habent

335 1618 607 1685 parvam
650 1602 964 1685 capellam
1021 1620 1347 1675 annexam
1388 1601 1709 1664 dominico
1751 1607 2194 1686 monumento,
2258 1598 2326 1667 in
2384 1621 2513 1686 qua
2554 1604 2684 1666 ha-

338 1709 524 1769 betur
559 1707 761 1770 altare
812 1716 880 1770 et
920 1706 1273 1791 lampades.
1372 1706 1619 1768 Locum
1697 1704 1888 1772 etiam
1952 1707 2385 1773 inunctionis
2416 1708 2674 1775 Domi

337 1811 696 1898 possident,
741 1814 807 1876 in
854 1831 982 1895 quo
1022 1811 1154 1875 VII
1193 1809 1432 1874 habent
1476 1807 1809 1894 lampades
1850 1800 2175 1874 ardentes.

762 2046 883 2122 De
941 2042 1386 2123 Christianis
1429 2042 1525 2118 de
1576 2040 1821 2137 India,
1862 2041 2291 2133 Abissinis„
2364 2010 2373 2019 ⁸

513 2208 848 2312 Abassini,
893 2229 1038 2291 sive
1076 2225 1430 2293 Christiani
1465 2224 1564 2289 de
1597 2210 1825 2308 India',
1886 2225 2013 2288 sub
2053 2226 2285 2290 abbate
2340 2225 2678 2312 degentes,

335 2335 643 2418 templum
689 2342 977 2417 nostrum
1022 2333 1231 2395 sancti
1277 2329 1605 2413 sepulchri
1651 2330 1846 2392 etiam
1886 2329 2242 2412 possident.
2346 2328 2513 2395 Sunt
2557 2347 2681 2393 au·-

334 2424 463 2505 tem
517 2442 696 2504 vitae
757 2438 951 2505 valde
1008 2444 1333 2516 austerae,
1398 2452 1720 2518 pauperes
1740 2479 1762 2518 ,
1828 2442 1896 2499 et
1964 2433 2307 2497 multorum
2372 2448 2679 2501 errorum.

333 2542 516 2613 Laici
559 2564 782 2609 eorum
823 2540 1116 2608 studiose
1158 2539 1240 2605 ad
1269 2541 1549 2603 Missam
1595 2542 1997 2605 conveniunt
2035 2542 2102 2605 in
2145 2536 2565 2623 solennibus,
2611 2544 2679 2607 et

333 2660 735 2715 tuncomnes
779 2650 1114 2731 uti-hisque
1153 2666 1354 2713 sexus
1395 2646 1708 2729 incipiunt
1728 2644 1878 2711 altis
1912 2646 2186 2709 vocibus
2219 2643 2513 2726 jubilare,
2538 2642 2679 2706 sal-

337 2765 478 2819 tare
517 2756 816 2838 pedibus,
858 2753 1167 2838 plaudere
1212 2754 1527 2835 manibus,
1572 2750 2038 2834 conglobantes
2079 2766 2157 2812 se
2195 2750 2262 2810 in
2287 2746 2548 2811 circulis
2588 2748 2680 2819 mi

335 2879 457 2957 sex
491 2861 599 2923 vel
620 2870 898 2945 septem,
915 2861 1005 2923 lbi
1028 2878 1262 2922 novem
1285 2857 1393 2920 vel
1429 2855 1678 2949 decem,
1709 2863 1777 2915 et
1802 2853 2123 2917 interdum
2161 2872 2280 2937 per
2304 2862 2474 2916 totas
2514 2866 2679 2941 noc—

334 2976 437 3031 tes
479 2968 577 3029 sic
620 2972 882 3047 canunt,
923 2966 1336 3048 potissimum
1373 2964 1440 3025 in
1484 2966 1680 3026 nocte
1718 2959 2208 3022 resurrectionis
2236 2952 2509 3041 Christi,
2551 2974 2681 3042 qua

333 3091 464 3135 non
508 3080 771 3135 cessant
812 3088 1047 3133 canere
1086 3078 1149 3132 et
1196 3069 1555 3148 cursitare,
1595 3052 1811 3128 'donee
1851 3064 2229 3145 illucescat,
2282 3071 2347 3126 et
2402 3063 2494 3125 ita
2540 3063 2680 3125 fer-

332 3152 756 3245 ventes-sunt
800 3177 930 3240 hoc
968 3184 1259 3259 agentes,
1305 3171 1474 3258 quod
1519 3170 1701 3233 multi
1724 3178 1985 3255 propter
2026 3169 2282 3233 labores
2324 3168 2471 3233 illos
2492 3168 2680 3231 infir·

333 3291 604 3349 mantnt.
691 3283 782 3345 Et
819 3298 1209 3365 quamquam
1251 3280 1381 3343 ista
1431 3277 1673 3339 faciant
1714 3282 1783 3338 et
1826 3276 2207 3358 observent,
2252 3283 2470 3339 tamen
2525 3292 2680 3359 per·-

333 3388 602 3451 niciosis
646 3388 967 3451 erroribus
996 3385 1226 3457 infecti
1259 3390 1433 3465 sunt,
1479 3390 1544 3446 et
1579 3380 1891 3444 haeretici
1912 3379 2332 3444 abhorribsses
2360 3379 2682 3443 ecclesiae

331 3502 616 3557 sanctae.
706 3492 1056 3574 Accipiunt
1099 3490 1268 3552 enim
1311 3506 1456 3555 cum
1499 3484 1798 3568 malassis,
1840 3484 2227 3547 Sarracenis
2295 3488 2363 3544 et
2405 3482 2682 3545 Jacobi-

333 3600 418 3661 tis
457 3597 779 3681 inutilem,
823 3598 953 3661 imo
986 3592 1413 3660 damnabilem
1439 3590 2018 3670 circumcisionem,
2052 3596 2118 3649 et
2145 3585 2423 3649 adurunt
2467 3586 2678 3650 ferreo

335 3705 540 3786 ignito
585 3702 833 3766 calamo
897 3718 1055 3765 suos
1110 3696 1422 3785 parvulos
1470 3698 1537 3760 in
1597 3697 1785 3777 facie,
1845 3710 1968 3754 nee
2018 3693 2409 3774 baptismum
2471 3706 2680 3772 aquae

332 3814 566 3871 curant
608 3809 895 3890 recipere
959 3808 1047 3873 Hi
1090 3802 1431 3889 possident
1461 3801 1800 3885 capellam,
1835 3799 1902 3861 in
1946 3815 2077 3881 qua
2118 3797 2238 3859 sub
2285 3794 2470 3858 altari
2512 3796 2680 3879 lapis

332 3921 484 3994 stat,
533 3930 733 3996 super
775 3926 966 3997 quem
1014 3911 1337 3975 Dominus
1382 3906 1629 3971 sedens
1673 3904 1902 3987 spinea
1942 3914 2181 3966 corona
2242 3902 2362 3965 fuit
2402 3918 2681 3969 corona-

332 4026 460 4103 tus,
503 4021 578 4082 in
619 4034 748 4101 qua
785 4017 1031 4081 habent
1067 4012 1430 4100 lampadem
1473 4021 1539 4074 et
1585 4010 1814 4073 altare.
1898 4008 2121 4092 Porro,
2175 4008 2479 4097 capella
2459 4024 2681 4072 eorum

329 4141 478 4188 cum
520 4124 862 4200 altaribus,
919 4122 986 4186 in
1029 4136 1160 4204 qua
1225 4117 1577 4195 cottidiana
1618 4134 1761 4185 sua,
1783 4114 2023 4181 officia
2062 4124 2404 4203 peragunt,
2448 4122 2554 4177 est
2594 4111 2678 4175 nl

327 4231 650 4293 sinistram
694 4214 967 4313 ραι-ἰού,
993 4227 1169 4295 cinca
1207 4222 1576 4309 ingressum
1616 4216 1831 4285 sancti
1869 4220 2216 4305 sepulchri,
2237 4222 2407 4311 inter
2428 4218 2679 4285 colum·-

334 4350 455 4397 nas
497 4334 726 4418 templi
763 4335 958 4417 sagis
995 4341 1067 4395 et
1105 4331 1330 4395 mattis
1369 4338 1437 4395 et
1475 4314 1626 4393 aliis
1655 4325 1830 4393 velis
1870 4326 2021 4395 loco
2049 4327 2370 4411 parietum
2397 4325 2682 4389 circnm-

332 4437 505 4524 data,
550 4445 622 4505 et
671 4447 828 4503 sunt
871 4436 955 4501 ad
1001 4436 1191 4501 funes
1226 4451 1571 4519 suspensa.
