3242 5259
1512 323 1634 392 1⁷1

404 509 725 574 stetisset.
831 505 1247 593 Quapropter
1303 506 1484 572 faeta
1535 515 1645 573 est
1681 508 2014 574 eontentio
2054 516 2125 572 et
2165 507 2524 595 indignatio
2578 508 2751 576 inter

404 622 749 700 patronum
791 621 862 678 et
898 615 1418 697 gubernatores:
1461 621 1532 679 et
1574 623 1862 679 reetores
1903 614 2077 678 inter
2126 630 2205 679 se
2260 612 2750 701 eoneertabant',

407 728 480 785 et
542 720 845 805 galeotos
897 719 1338 804 ineulpabant.
1439 719 1853 785 Avertebant
1905 738 2064 805 ergo
2111 718 2371 805 galdam
2423 739 2467 785 a
2517 731 2751 807 eoepto

405 826 643 890 itinere
681 824 766 889 ad
808 822 1123 908 dextram,
1165 832 1237 888 et
1274 825 1792 908 eireavesperas
1816 823 1902 888 ad
1941 843 2166 889 veram
2209 827 2408 890 maris
2449 829 2749 892 semitam

409 931 800 995 revenimus.
841 928 999 995 Sed—
1016 949 1168 995 mox
1208 937 1284 994 ut
1331 929 1633 995 semitam
1675 930 2239 1016 apprehendimus,
2287 934 2468 999 siluit
2507 941 2750 1001 ventus

409 1042 482 1100 et
523 1054 734 1120 paene
770 1034 928 1099 nihil
970 1034 1083 1099 illa
1123 1042 1318 1101 noete
1353 1036 1833 1121 navigavimus.
1879 1034 2038 1116 (00
2051 1037 2159 1116 Δ)

572 1140 911 1207 vicesima
951 1140 1181 1226 quinta
1227 1141 1527 1206 venimus
1583 1161 1670 1205 ex
1707 1144 2007 1227 opposito
2039 1143 2474 1228 antiquissimi
2521 1152 2752 1229 portus

408 1244 649 1330 Cypri,
690 1247 804 1331 qui
837 1245 1078 1310 dieitur
1111 1246 1427 1331 Paphum,
1470 1245 1552 1310 de
1594 1265 1723 1332 quo
1770 1247 2049 1315 habetur
2086 1248 2381 1314 Aetuum
2425 1250 2526 1317 13.
2580 1269 2645 1314 v.
2687 1250 2750 1313 6.

412 1361 479 1416 et
525 1351 648 1434 13„
693 1352 869 1415 eirea
891 1369 1085 1435 quam
1126 1350 1408 1415 vidimus
1436 1358 1721 1416 montem
1742 1351 2048 1437 Veneris,
2075 1362 2151 1418 ut
2171 1353 2380 1419 dicam
2406 1357 2475 1421 in
2519 1356 2753 1436 reditu,

409 1464 480 1519 et
521 1456 711 1520 tarda
756 1463 901 1520 erat
944 1464 1168 1521 nostra
1215 1457 1553 1541 navigatio
1617 1476 1829 1542 usque
1891 1458 1977 1523 ad
2031 1460 2379 1524 meridiem.
2477 1460 2756 1524 Meridie

405 1562 594 1626 venit
626 1564 838 1627 bonus
879 1569 1140 1647 ventus,
1182 1561 1294 1646 qui
1337 1563 1483 1628 tulit
1522 1582 1645 1628 nos
1685 1562 1872 1649 inde,
1944 1574 2012 1629 et
2077 1572 2348 1650 repente
2388 1565 2757 1649 pertransi-

407 1668 626 1732 vimus
678 1667 763 1732 ad
805 1666 980 1731 latus
1040 1666 1225 1751 regni
1273 1667 1473 1752 Cypri
1530 1678 1783 1753 portum
1838 1670 2369 1735 limonnieensem
2428 1680 2498 1735 et
2533 1671 2759 1735 bisco-

405 1773 722 1857 piensem,
763 1781 830 1836 et
870 1773 1048 1837 eirea
1085 1789 1405 1856 vesperas
1446 1772 1531 1839 ad
1592 1774 1988 1839 calinensem
2025 1784 2278 1859 portum
2324 1774 2755 1859 applicuimus

408 1887 478 1941 et
536 1894 774 1941 navem
827 1876 1129 1941 anehoris
1193 1885 1261 1941 et
1327 1877 1610 1943 tonsillis
1682 1879 2112 1965 alligavimus.
2229 1878 2462 1944 Statim
2536 1890 2754 1947 autem

409 1982 710 2047 deminus
753 1991 1064 2066 patronus
1126 1998 1273 2046 eum
1314 1987 1456 2050 suis
1523 1983 1785 2049 famulis
1846 1984 2036 2049 educi
2090 2002 2169 2048 se
2230 1985 2386 2049 feeit
2433 1983 2518 2050 ad
2577 1970 2755 2072 litus,

408 2097 478 2151 et
517 2089 605 2153 ibi
648 2086 986 2152 eonductis
1030 2087 1218 2170 equis
1259 2087 1330 2150 in
1391 2087 1727 2155 Nieosiam
1770 2090 2099 2155 eivitatem
2182 2100 2248 2155 et
2312 2100 2508 2176 eaput
2568 2092 2756 2177 regni

409 2192 615 2278 Cypri
637 2195 720 2260 ad
760 2194 1049 2280 reginam
1083 2193 1419 2277 equitavit,
1460 2194 1733 2260 visitare
1768 2196 2001 2260 volens
2024 2214 2292 2261 uxorem
2335 2216 2546 2280 suam,
2583 2217 2754 2284 quae

412 2300 810 2368 cubicularia
851 2298 1118 2382 reginae
1154 2306 1311 2362 erat.
1395 2297 1501 2362 De
1560 2300 1688 2363 hae
1738 2299 2009 2365 civitate
2061 2300 2196 2366 dixi
2238 2302 2347 2366 fol.
2412 2302 2513 2370 16.
2557 2303 2647 2374 A.
2689 2311 2757 2368 et

409 2409 555 2492 eJus
604 2404 953 2491 descriptio
1004 2404 1280 2469 habetur
1318 2403 1430 2468 fol.
1478 2403 1624 2471 143»
1681 2405 1760 2470 B.
1807 2405 1886 2472 P.
1927 2406 2009 2469 11.
2092 2404 2392 2492 Cumque
2455 2406 2756 2473 dominus

408 2524 723 2598 patronus
740 2509 1150 2593 recessisset,
1174 2509 1482 2575 stetimus
1508 2528 1632 2576 nos
1649 2510 1985 2595 peregrini
2006 2528 2206 2595 supra
2235 2513 2492 2595 galeam
2513 2522 2754 2578 terram

411 2620 858 2703 respicientes,
895 2622 1105 2698 etego
1140 2615 1394 2680 stabam
1412 2633 1562 2681 eum
1605 2617 1729 2701 eis,
1747 2615 1976 2682 dieens
2007 2632 2258 2680 meeum
2312 2620 2642 2685 stantibus
2669 2618 2753 2684 de

412 2732 642 2809 portas
687 2723 864 2788 illius
903 2718 1270 2803 sterilitate,
1312 2730 1382 2784 et
1417 2721 1821 2787 conditiones
1876 2721 2053 2786 illius
2093 2720 2381 2805 regionis
2400 2769 2423 2808 ,
2481 2726 2636 2810 quia
2687 2726 2756 2790 in

414 2830 610 2915 priori
648 2825 1169 2914 peregrinatione
1215 2826 1438 2892 multis
1481 2828 1712 2893 diebus
1753 2826 1844 2891 ibi
1885 2826 2156 2891 fueram,
2236 2823 2516 2890 Ostendi
2559 2825 2757 2889 etiam

414 2935 691 3000 dominis
726 2933 1088 3018 peregrinis
1119 2933 1268 2997 looa
1290 2942 1521 3018 terrae,
1562 2950 1735 3017 quae
1775 2931 1962 2996 novi:
2007 2940 2076 2995 et
2111 2931 2286 2996 inter
2332 2930 2463 2995 alia
2502 2928 2759 2996 ostendi

413 3043 514 3106 eis
551 3050 833 3105 montem
867 3037 940 3102 S.
990 3038 1247 3123 Orueis,
1282 3038 1396 3123 qui
1448 3046 1551 3102 est
1590 3037 1781 3102 altior
1829 3055 2015 3102 mons
2060 3037 2260 3103 totius
2301 3036 2490 3121 regni
2529 3036 2760 3121 cyprii,

413 3157 479 3211 et
520 3148 588 3212 in
631 3145 776 3230 ejus
815 3146 1152 3210 eaeumine
1203 3153 1308 3208 est
1359 3143 1645 3209 eeelesia
1664 3188 1685 3227 ‚
1725 3143 1794 3207 in
1844 3159 1975 3227 qua
2024 3142 2267 3227 pendet
2327 3160 2492 3207 crux
2547 3139 2760 3206 dextri

412 3253 692 3318 latronis
734 3269 883 3316 eum
930 3249 1194 3315 Christo
1236 3248 1550 3334 orueissxi,
1592 3256 1659 3313 et
1700 3246 1836 3313 dixi
1878 3247 2178 3313 Dominis
2221 3265 2323 3330 ea,
2366 3265 2537 3333 quae
2583 3246 2763 3311 rese-

410 3368 645 3424 runtur
684 3357 772 3421 de
810 3354 928 3420 llla
972 3371 1191 3437 eruee,
1233 3361 1308 3418 ut
1346 3356 1613 3438 patebit.
1704 3352 2004 3439 Cumque
2042 3352 2307 3418 Domini
2352 3353 2502 3437 mei,
2544 3360 2614 3416 et
2651 3350 2764 3418 alii

412 3462 739 3549 peregrini
779 3468 1030 3527 starent
1069 3468 1137 3523 et
1177 3459 1561 3524 mirarentur
1598 3459 1683 3524 de
1723 3458 1840 3523 illa
1880 3476 2097 3543 eruce,
2134 3467 2202 3524 et
2226 3467 2509 3523 montem
2545 3458 2766 3543 respi-

414 3578 674 3653 cerent,
730 3566 843 3654 qui
896 3567 1187 3651 quinque
1240 3565 1634 3631 theutoniois
1702 3564 2060 3628 miliaribus
2113 3581 2157 3627 a
2210 3563 2398 3628 nobis
2459 3562 2763 3648 distabff,

417 3674 554 3739 dixi
612 3675 755 3738 eist
818 3689 981 3738 eeee
1048 3670 1418 3736 ehaiissimi
1486 3669 1651 3734 soeIi
1671 3714 1693 3755 ,
1749 3668 2052 3733 dominus
2116 3676 2429 3753 patronus
2495 3667 2766 3733 intravit

414 3779 774 3863 moesiam,
814 3786 884 3843 et
922 3790 1076 3842 oras
1126 3775 1215 3842 de
1254 3793 1407 3840 sero
1447 3775 1566 3840 vix
1613 3781 2026 3857 revertetur,
2063 3781 2131 3837 et
2176 3781 2333 3837 ante
2371 3772 2517 3856 ejus
2553 3770 2764 3838 reditu

412 3882 723 3948 reeedere
746 3900 881 3948 non
914 3900 1287 3968 possumus,
1310 3890 1380 3944 et
1420 3896 1572 3945 eras
1613 3879 2061 3965 longissimam
2104 3885 2174 3943 et
2222 3875 2764 3944 taediosissimam

416 3986 585 4053 diem
637 3988 1049 4055 habebimus:
1094 4006 1270 4053 nune
1308 3986 1507 4071 igitur
1544 3986 1604 4050 si
1647 3984 1795 4069 quis
1836 3984 1982 4050 vult
2022 4002 2272 4049 meeum
2313 3983 2639 4068 proficisci
2680 3981 2765 4048 ad

415 4101 697 4158 montem
740 4102 1063 4178 sanetum,
1110 4093 1337 4159 veniat
1389 4091 1477 4157 ad
1538 4092 1803 4176 puppim
1828 4135 1849 4174 ‚
1912 4099 1981 4154 et
2032 4087 2450 4155 visitabimus
2505 4105 2764 4154 erucem

414 4207 731 4283 sanetam‚
774 4208 842 4263 et
896 4199 1005 4264 die
1040 4200 1329 4264 erastina
1369 4198 1764 4281 tempestive
1803 4195 1913 4260 bie
1953 4193 2213 4259 erimus.
2298 4194 2387 4259 Et
2425 4193 2532 4260 his
2573 4192 2767 4259 dietis

413 4306 706 4387 proeessi
746 4303 834 4370 ad
874 4305 1162 4390 mpliu,
1206 4312 1272 4369 et
1315 4301 1500 4368 multi
1544 4300 1800 4367 nobiles
1851 4302 2297 4386 sequebantur
2358 4314 2483 4377 me,
2525 4306 2766 4383 putan-

412 4416 517 4474 tes
574 4423 681 4475 me
711 4408 867 4495 joeo
916 4410 1038 4476 illa
1093 4408 1314 4477 dieere
1388 4414 1460 4473 et
1520 4407 1760 4473 faeere.
1861 4403 2166 4471 Conduxi
2226 4418 2386 4486 ergo
2437 4403 2508 4467 in
2563 4398 2765 4488 puppi
