3242 5259
1401 359 1528 427 3³⁷

457 545 781 609 vectibus
825 551 892 607 et
931 542 1079 607 tetri
1123 543 1471 610 confractis
1512 554 1778 623 prorsus
1819 536 2071 600 Averni

460 645 750 714 Abstulit
794 646 945 712 inde
988 664 1146 728 suos
1189 665 1410 711 secum
1457 645 1655 729 s‘uper
1698 650 1877 708 astra
1914 641 2184 705 locatos.

622 756 697 816 ln
741 733 1150 817 rotunditate
1173 749 1242 812 S.
1286 749 1616 835 sepulchri
1657 749 1758 812 sic
1802 756 1941 814 erat
1980 747 2333 830 scriptum?
2380 817 2389 828 ¹

459 858 621 936 Vita
660 859 820 921 mori
862 856 1073 920 voluit
1116 841 1283 917 ct'in
1325 854 1450 918 hoc
1492 852 1735 916 tumulo
1777 852 2044 936 quievit,
2100 876 2113 891 ·

379 989 390 996 ·
459 957 644 1025 Mors
686 962 839 1046 quia
877 963 1017 1044 'vita
1059 961 1201 1041 fuit,
1244 939 1818 1024 nostram'victrix
1857 953 2156 1024 abolevit.

458 1063 630 1130 Nam
673 1067 787 1148 qui
830 1066 1148 1148 confregit
1189 1062 1464 1143 inferna,
1506 1061 1763 1143 sibique
1790 1062 2085 1146 subegit,
2174 1043 2187 1054 ’

463 1169 910 1253 Ducendoque
951 1171 1109 1232 s'uos
1155 1168 1338 1231 fortis
1384 1165 1515 1229 dux
1557 1167 1703 1249 ipso
1746 1153 2047 1234 cohortes

456 1275 673 1356 Atque
718 1275 1143 1358 triumphator
1179 1274 1329 1335 hinc
1371 1272 1659 1334 surrexit
1700 1271 1802 1360 leo
1847 1271 2058 1352 fortis,

357 1381 370 1388 ‘
451 1375 764 1441 Tartarus
806 1378 956 1442 inde
995 1379 1226 1463 gemit,
1265 1386 1334 1438 et
1374 1393 1547 1438 mors
1591 1376 1827 1464 lugens
1869 1376 2195 1462 spoliatur.

290 1528 712 1632 Dispositio
757 1528 1021 1603 montis
1102 1523 1493 1605 Calvariae
1564 1533 1875 1629 ejusque
1919 1525 2164 1604 brevis
2212 1501 2667 1604 delineatio.'

462 1697 658 1759 Mons
681 1693 1025 1761 Calvariae
1065 1703 1215 1779 post
1266 1706 1557 1760 sanctum
1591 1689 2431 1780 dominicum-sepulchrum
2455 1699 2640 1754 tenet

288 1806 361 1867 in
430 1802 743 1884 (lignitate
799 1812 866 1864 et
934 1803 1281 1865 sanctitate
1360 1803 1572 1866 locum
1635 1804 2018 1872 secundum.
2126 1800 2281 1868 Ideo
2338 1795 2636 1881 quamvis

287 1926 498 1991 supra
537 1907 649 1976 ful.
711 1906 846 1971 11⁷.
877 1905 952 1969 B.
998 1906 1142 1990 ejus
1167 1906 1536 1991 'descriptio
1578 1908 1909 1992 habeatur,
1950 1909 2058 1971 hic
2102 1916 2315 1970 tamen
2373 1908 2638 1985 propter

287 2013 588 2077 ordinem
659 2021 726 2075 et
794 2012 1109 2096 quaedam
1174 2012 1327 2077 alibi
1401 2015 1647 2078 omissa
1726 2001 2223 2080 rememoratur.
2325 2008 2454 2070 Dro
2509 2022 2636 2089 quo

288 2116 670 2200 notandum,
715 2118 885 2201 quod
930 2131 1116 2181 mons
1154 2116 1534 2199 calvariae,
1577 2118 1687 2181 vel
1745 2115 2091 2200 Golgatha,
2146 2117 2329 2178 locus
2395 2118 2500 2174 est
2526 2097 2636 2171 'ad

287 2221 868 2305 septentrionalem
905 2222 1164 2305 plagam
1207 2226 1444 2285 montis
1489 2221 1671 2305 Sion,
1709 2227 1778 2283 et
1820 2230 1922 2283 cst
1962 2220 2341 2300 differentia,
2383 2211 2641 2297 quando

287 2327 534 2391 (licitur
613 2305 797 2389 mons
864 2323 1252 2410 calvariae,
1327 2336 1390 2388 et
1466 2326 1776 2409 scopulus
1838 2321 1947 2388 'vel
2015 2343 2207 2409 rupes
2272 2322 2634 2387 Calvariae.

284 2433 492 2497 Mons
537 2430 884 2494 Calvariae
929 2423 1213 2493 continet
1255 2449 1553 2514 magnam
1595 2432 1878 2514 civitatis
1919 2440 2188 2515 partem.
2232 2429 2452 2493 Locus
2477 2426 2639 2490 Cal-

286 2538 524 2602 variae
566 2544 669 2598 est
702 2545 839 2599 tota
875 2536 1113 2620 platea,
1162 2537 1501 2600 continens
1547 2545 1751 2599 totum
1796 2533 2121 2620 templum.
2200 2533 2427 2622 Rupes
2473 2523 2635 2596 Cal-¹

282 2643 521 2707 variae
578 2640 864 2703 continet
925 2650 1173 2704 tantum
1242 2639 1491 2704 Christi
1545 2659 1800 2706 crucem
1856 2651 1937 2705 'et
2011 2642 2344 2705 latronu‘m.
2441 2638 2639 2700 Mons

283 2745 644 2813 Calvariae
688 2743 920 2809 dicitur
955 2754 1096 2812 tota
1137 2746 1251 2809 illa
1324 2747 1589 2812 altitudo
1600 2795 1633 2833 „
1678 2767 1846 2832 quae
1906 2755 2009 2811 est
2079 2765 2121 2810 a
2173 2752 2362 2828 porta
2400 2742 2633 2824 vete‘ri,

280 2851 489 2935 cujus
554 2867 705 2933 pars
768 2851 979 2915 adhuc
1041 2860 1213 2936 stat,
1290 2870 1501 2935 usque
1557 2871 1815 2915 sursum
1883 2852 1965 2915 ad
2026 2851 2374 2916 ecclesiam
2427 2848 2639 2911 sancti
2704 2897 2721 2914 .

281 2952 655 3042 sepulchri.
743 2956 863 3019 Est
906 2958 1076 3020 enim
1120 2967 1439 3020 ascensus
1482 2959 1650 3022 satis
1694 2957 1928 3041 longus
1983 2958 2065 3020 ab
2120 2956 2230 3020 illo
2292 2937 2486 3036 bivio',
2530 2951 2640 3013 ubi

282 3063 610 3129 Christus
684 3058 846 3126 dixit
903 3061 1275 3125 mulieribus
1332 3062 1669 3127 flentibus.
1738 3062 1912 3126 filiae
1968 3062 2377 3158 Jerusalem,
2438 3039 2639 3123 nolite

279 3171 451 3234 flere
498 3181 700 3248 super
741 3185 845 3229 me
880 3175 1003 3230 etc.
1007 3185 1280 3251 ,usque
1321 3166 1402 3229 ad
1463 3167 1674 3231 locum
1734 3169 2190 3251 crucifixionis,
2234 3175 2321 3232 et·
2342 3164 2640 3252 superius

278 3284 390 3338 est
435 3269 720 3335 latitudo
741 3273 903 3334 satis
923 3289 1179 3355 magna,
1221 3275 1287 3334 in
1332 3291 1462 3356 qua
1483 3282 1685 3336 totum
1730 3274 2033 3362 templum
2081 3275 2290 3340 sancti
2312 3270 2639 3358 sepulchri

274 3378 634 3458 consistit,
678 3375 850 3460 quod
892 3384 1091 3440 totum
1137 3386 1239 3440 est
1307 3397 1492 3441 mons
1538 3377 1884 3443 Calvariae
1946 3382 2093 3443 sive
2161 3377 2524 3460 Golgatha,
2570 3381 2641 3437 et

272 3486 395 3550 illo
445 3465 648 3546 modo
693 3479 978 3543 ecclesia
1013 3482 1228 3544 sancti
1264 3483 1589 3566 sepulchri
1627 3483 1803 3566 jacet
1846 3501 2047 3567 super
2083 3467 2641 3547 montem‘Calv'a-

277 3591 445 3655 riae.
542 3584 683 3651 Sed
728 3602 922 3667 rupes
966 3584 1316 3649 Calvariae
1357 3597 1461 3650 est
1504 3586 1687 3660 locus
1724 3591 1871 3652 sive
1913 3587 2301 3651 monticulus
2312 3630 2363 3669 ,.
2396 3588 2466 3650 in
2509 3569 2638 3668 quo

276 3713 452 3760 crux
503 3690 832 3755 dominica
865 3708 1010 3754 cnm
1035 3688 1312 3754 Domino
1356 3699 1421 3753 et
1460 3691 1692 3770 duobis
1736 3691 2087 3755 latronibus
2129 3693 2349 3775 stetit,
2379 3701 2450 3754 ut
2488 3683 2639 3752 ante

271 3800 586 3867 habitum
640 3803 760 3857 est.
846 3793 952 3856 Ad
999 3794 1169 3858 hanc
1212 3814 1434 3878 rupem
1480 3798 1957 3860 sanctissimam
2008 3803 2171 3861 sunt·
2223 3806 2359 3870 taes
2396 3807 2640 3862 ascen-

273 3924 422 3972 sus.
559 3900 822 3964 Primus
892 3906 997 3961 est
1059 3896 1140 3960 de
1205 3897 1489 3965 ecclesia
1539 3901 1977 3998 golgothana,
2041 3920 2082 3965 a
2126 3902 2321 3984 ioco,
2376 3905 2487 3966 ubi
2539 3910 2643 3966 est

269 4010 576 4077 medium
621 3999 886 4087 mundi3
927 4002 1255 4067 secundus
1309 4014 1418 4070 est
1451 4006 1534 4069 ab
1575 4005 1863 4072 inferiori
1917 4006 2204 4072 ecelesia
2258 4008 2472 4071 sancti
2527 4024 2643 4069 se-

273 4093 602 4202 pulchri,
663 4120 731 4174 et
791 4111 1018 4180 tertius
1072 4119 1178 4174 est
1237 4110 1318 4172 ab
1371 4110 1533 4173 atrio
1585 4110 1809 4193 templi
1845 4095 2172 4178 extmori.
2215 4112 2302 4175 Et
2327 4112 2643 4178 hunoas-

272 4237 574 4285 censum
600 4217 950 4281 Sarraceni
968 4218 1456 4298 obstruxerunt,
1482 4215 1659 4278 siem
1682 4222 1747 4277 et
1770 4215 1900 4278 alia
1921 4211 2142 4299 templi
2164 4216 2350 4300 ostia,
2371 4235 2461 4278 ne
2490 4217 2639 4300 quis

277 4330 437 4390 sine
463 4340 697 4387 eorum
721 4324 890 4388 scitu
918 4329 1143 4405 posset
1167 4322 1232 4388 in
1253 4319 1596 4386 ecclesiam
1631 4319 1879 4394 venire:
1914 4317 2036 4396 Est
2055 4340 2243 4405 ergo
2260 4337 2456 4402 rupes
2478 4318 2647 4382 Cal-

280 4430 525 4493 variae
567 4433 758 4509 petra
799 4427 1056 4511 crucis3
1122 4435 1188 4489 et
1228 4441 1416 4488 mons
1457 4422 1802 4489 calvariae
1860 4435 1997 4490 tota
2038 4423 2309 4489 altitudo
2364 4443 2401 4485 a
2452 4422 2641 4487 domo

2148 4523 2219 4583 22
