<?xml version="1.0" encoding="UTF-8"?>
<!DOCTYPE html PUBLIC "-//W3C//DTD XHTML 1.0 Transitional//EN"
    "http://www.w3.org/TR/xhtml1/DTD/xhtml1-transitional.dtd">
<html xmlns="http://www.w3.org/1999/xhtml" xml:lang="en" lang="en">
 <head>
  <title>
</title>
<meta http-equiv="Content-Type" content="text/html;charset=utf-8" />
  <meta name='ocr-system' content='tesseract 3.04.00' />
  <meta name='ocr-capabilities' content='ocr_page ocr_carea ocr_par ocr_line ocrx_word'/>
</head>
<body>
  <div class='ocr_page' id='page_1' title='image "./fratrisfelicisf00unkngoog_0178.png"; bbox 0 0 3242 5259; ppageno 0'>
   <div class='ocr_carea' id='block_1_1' title="bbox 1600 286 1729 351">
    <p class='ocr_par' dir='ltr' id='par_1_1' title="bbox 1600 286 1729 351">
     <span class='ocr_line' id='line_1_1' title="bbox 1600 286 1729 351; baseline 0 0"><span class='ocrx_word' id='word_1_1' title='bbox 1600 286 1729 351; x_wconf 78' lang='lat'><strong>160</strong></span> 
     </span>
    </p>
   </div>
   <div class='ocr_carea' id='block_1_2' title="bbox 486 464 2880 4442">
    <p class='ocr_par' dir='ltr' id='par_1_2' title="bbox 486 464 2854 1709">
     <span class='ocr_line' id='line_1_2' title="bbox 669 464 2842 554; baseline 0.002 -25"><span class='ocrx_word' id='word_1_2' title='bbox 669 464 924 530; x_wconf 80' lang='lat' dir='ltr'><strong>Octava</strong></span> <span class='ocrx_word' id='word_1_3' title='bbox 965 465 1093 552; x_wconf 87' lang='lat' dir='ltr'><strong>die,</strong></span> <span class='ocrx_word' id='word_1_4' title='bbox 1137 485 1310 551; x_wconf 83' lang='lat' dir='ltr'><strong>quae</strong></span> <span class='ocrx_word' id='word_1_5' title='bbox 1351 474 1489 533; x_wconf 86' lang='lat' dir='ltr'><strong>erat</strong></span> <span class='ocrx_word' id='word_1_6' title='bbox 1532 466 1855 533; x_wconf 82' lang='lat' dir='ltr'><strong>dominica</strong></span> <span class='ocrx_word' id='word_1_7' title='bbox 1897 468 1967 538; x_wconf 73' lang='lat'><strong>2.</strong></span> <span class='ocrx_word' id='word_1_8' title='bbox 2010 476 2161 552; x_wconf 85' lang='lat' dir='ltr'><strong>post</strong></span> <span class='ocrx_word' id='word_1_9' title='bbox 2216 468 2573 554; x_wconf 74' lang='lat' dir='ltr'><strong>Trinitatis,</strong></span> <span class='ocrx_word' id='word_1_10' title='bbox 2625 468 2842 535; x_wconf 82' lang='lat' dir='ltr'><strong>adhue</strong></span> 
     </span>
     <span class='ocr_line' id='line_1_3' title="bbox 490 571 2842 658; baseline 0.001 -22"><span class='ocrx_word' id='word_1_11' title='bbox 490 572 730 636; x_wconf 83' lang='lat' dir='ltr'><strong>mansit</strong></span> <span class='ocrx_word' id='word_1_12' title='bbox 771 589 931 639; x_wconf 83' lang='lat' dir='ltr'><strong>aura</strong></span> <span class='ocrx_word' id='word_1_13' title='bbox 968 571 1332 656; x_wconf 80' lang='lat' dir='ltr'><strong>caliginosa</strong></span> <span class='ocrx_word' id='word_1_14' title='bbox 1373 579 1440 635; x_wconf 87' lang='lat' dir='ltr'><strong>et</strong></span> <span class='ocrx_word' id='word_1_15' title='bbox 1481 581 1720 637; x_wconf 89' lang='lat' dir='ltr'><strong>ventus</strong></span> <span class='ocrx_word' id='word_1_16' title='bbox 1764 574 2149 656; x_wconf 88' lang='lat' dir='ltr'><strong>contrarius,</strong></span> <span class='ocrx_word' id='word_1_17' title='bbox 2193 572 2365 636; x_wconf 81' lang='lat' dir='ltr'><strong>facto</strong></span> <span class='ocrx_word' id='word_1_18' title='bbox 2400 582 2617 638; x_wconf 88' lang='lat' dir='ltr'><strong>autem</strong></span> <span class='ocrx_word' id='word_1_19' title='bbox 2640 594 2842 658; x_wconf 86' lang='lat' dir='ltr'><strong>pran-</strong></span> 
     </span>
     <span class='ocr_line' id='line_1_4' title="bbox 492 676 2845 765; baseline 0 -23"><span class='ocrx_word' id='word_1_20' title='bbox 492 676 605 742; x_wconf 89' lang='lat' dir='ltr'><strong>dio</strong></span> <span class='ocrx_word' id='word_1_21' title='bbox 647 695 857 760; x_wconf 89' lang='lat' dir='ltr'><strong>paene</strong></span> <span class='ocrx_word' id='word_1_22' title='bbox 898 695 1128 741; x_wconf 88' lang='lat' dir='ltr'><strong>omnes</strong></span> <span class='ocrx_word' id='word_1_23' title='bbox 1169 678 1236 740; x_wconf 90' lang='lat' dir='ltr'><strong>in</strong></span> <span class='ocrx_word' id='word_1_24' title='bbox 1277 676 1476 741; x_wconf 85' lang='lat' dir='ltr'><strong>barca</strong></span> <span class='ocrx_word' id='word_1_25' title='bbox 1515 676 1740 741; x_wconf 83' lang='lat' dir='ltr'><strong>educti</strong></span> <span class='ocrx_word' id='word_1_26' title='bbox 1796 695 2023 742; x_wconf 87' lang='lat' dir='ltr'><strong>sumus</strong></span> <span class='ocrx_word' id='word_1_27' title='bbox 2081 678 2163 741; x_wconf 88' lang='lat' dir='ltr'><strong>ad</strong></span> <span class='ocrx_word' id='word_1_28' title='bbox 2225 678 2416 764; x_wconf 87' lang='lat' dir='ltr'><strong>litus,</strong></span> <span class='ocrx_word' id='word_1_29' title='bbox 2474 681 2671 763; x_wconf 63' lang='lat' dir='ltr'><strong>etjbi</strong></span> <span class='ocrx_word' id='word_1_30' title='bbox 2725 699 2845 765; x_wconf 89' lang='lat' dir='ltr'><strong>per</strong></span> 
     </span>
     <span class='ocr_line' id='line_1_5' title="bbox 490 781 2846 869; baseline 0.001 -23"><span class='ocrx_word' id='word_1_31' title='bbox 490 781 684 846; x_wconf 89' lang='lat' dir='ltr'><strong>devia</strong></span> <span class='ocrx_word' id='word_1_32' title='bbox 737 782 1058 846; x_wconf 88' lang='lat' dir='ltr'><strong>montium</strong></span> <span class='ocrx_word' id='word_1_33' title='bbox 1119 791 1187 845; x_wconf 89' lang='lat' dir='ltr'><strong>et</strong></span> <span class='ocrx_word' id='word_1_34' title='bbox 1247 781 1507 845; x_wconf 90' lang='lat' dir='ltr'><strong>collium</strong></span> <span class='ocrx_word' id='word_1_35' title='bbox 1581 782 1782 868; x_wconf 77' lang='lat' dir='ltr'><strong>aliqui</strong></span> <span class='ocrx_word' id='word_1_36' title='bbox 1839 782 2323 866; x_wconf 83' lang='lat' dir='ltr'><strong>discurrebant3</strong></span> <span class='ocrx_word' id='word_1_37' title='bbox 2392 784 2590 869; x_wconf 84' lang='lat' dir='ltr'><strong>aliqui</strong></span> <span class='ocrx_word' id='word_1_38' title='bbox 2653 786 2846 849; x_wconf 85' lang='lat' dir='ltr'><strong>simul</strong></span> 
     </span>
     <span class='ocr_line' id='line_1_6' title="bbox 486 885 2844 970; baseline 0.001 -18"><span class='ocrx_word' id='word_1_39' title='bbox 486 887 986 953; x_wconf 80' lang='lat' dir='ltr'><strong>confabulantes</strong></span> <span class='ocrx_word' id='word_1_40' title='bbox 1029 885 1344 951; x_wconf 85' lang='lat' dir='ltr'><strong>sedebant</strong></span> <span class='ocrx_word' id='word_1_41' title='bbox 1389 895 1455 949; x_wconf 91' lang='lat' dir='ltr'><strong>et</strong></span> <span class='ocrx_word' id='word_1_42' title='bbox 1488 887 1846 970; x_wconf 86' lang='lat' dir='ltr'><strong>jocundum</strong></span> <span class='ocrx_word' id='word_1_43' title='bbox 1889 888 2060 951; x_wconf 89' lang='lat' dir='ltr'><strong>diem</strong></span> <span class='ocrx_word' id='word_1_44' title='bbox 2086 888 2447 952; x_wconf 73' lang='lat' dir='ltr'><strong>habuimus.</strong></span> <span class='ocrx_word' id='word_1_45' title='bbox 2505 890 2653 952; x_wconf 85' lang='lat' dir='ltr'><strong>Hoc</strong></span> <span class='ocrx_word' id='word_1_46' title='bbox 2672 892 2844 954; x_wconf 86' lang='lat' dir='ltr'><strong>enim</strong></span> 
     </span>
     <span class='ocr_line' id='line_1_7' title="bbox 489 991 2846 1078; baseline 0 -21"><span class='ocrx_word' id='word_1_47' title='bbox 489 991 994 1076; x_wconf 73' lang='lat' dir='ltr'><strong>incomparabile</strong></span> <span class='ocrx_word' id='word_1_48' title='bbox 1051 991 1289 1055; x_wconf 85' lang='lat' dir='ltr'><strong>bonum</strong></span> <span class='ocrx_word' id='word_1_49' title='bbox 1349 1001 1488 1055; x_wconf 89' lang='lat' dir='ltr'><strong>erat</strong></span> <span class='ocrx_word' id='word_1_50' title='bbox 1547 994 1615 1054; x_wconf 90' lang='lat' dir='ltr'><strong>in</strong></span> <span class='ocrx_word' id='word_1_51' title='bbox 1668 994 1798 1056; x_wconf 89' lang='lat' dir='ltr'><strong>ista</strong></span> <span class='ocrx_word' id='word_1_52' title='bbox 1857 993 2070 1076; x_wconf 69' lang='lat' dir='ltr'><strong>galea,</strong></span> <span class='ocrx_word' id='word_1_53' title='bbox 2115 993 2496 1078; x_wconf 84' lang='lat' dir='ltr'><strong>concordia,</strong></span> <span class='ocrx_word' id='word_1_54' title='bbox 2565 1012 2717 1077; x_wconf 80' lang='lat' dir='ltr'><strong>pax,</strong></span> <span class='ocrx_word' id='word_1_55' title='bbox 2775 1003 2846 1057; x_wconf 88' lang='lat' dir='ltr'><strong>et</strong></span> 
     </span>
     <span class='ocr_line' id='line_1_8' title="bbox 490 1078 2848 1182; baseline 0.001 -20"><span class='ocrx_word' id='word_1_56' title='bbox 490 1084 773 1162; x_wconf 72' lang='lat' dir='ltr'><strong>omilium</strong></span> <span class='ocrx_word' id='word_1_57' title='bbox 817 1097 1304 1181; x_wconf 87' lang='lat' dir='ltr'><strong>peregrinorum</strong></span> <span class='ocrx_word' id='word_1_58' title='bbox 1343 1097 1626 1161; x_wconf 89' lang='lat' dir='ltr'><strong>amicitia</strong></span> <span class='ocrx_word' id='word_1_59' title='bbox 1669 1107 1737 1160; x_wconf 91' lang='lat' dir='ltr'><strong>et</strong></span> <span class='ocrx_word' id='word_1_60' title='bbox 1797 1102 2037 1182; x_wconf 83' lang='lat' dir='ltr'><strong>unitas,</strong></span> <span class='ocrx_word' id='word_1_61' title='bbox 2081 1078 2269 1182; x_wconf 77' lang='lat' dir='ltr'><strong>cujus</strong></span> <span class='ocrx_word' id='word_1_62' title='bbox 2309 1102 2698 1163; x_wconf 88' lang='lat' dir='ltr'><strong>contrarium</strong></span> <span class='ocrx_word' id='word_1_63' title='bbox 2721 1100 2848 1164; x_wconf 77' lang='lat' dir='ltr'><strong>fuit</strong></span> 
     </span>
     <span class='ocr_line' id='line_1_9' title="bbox 493 1202 2846 1290; baseline 0 -23"><span class='ocrx_word' id='word_1_64' title='bbox 493 1205 564 1267; x_wconf 89' lang='lat' dir='ltr'><strong>in</strong></span> <span class='ocrx_word' id='word_1_65' title='bbox 602 1202 796 1287; x_wconf 73' lang='lat' dir='ltr'><strong>galea</strong></span> <span class='ocrx_word' id='word_1_66' title='bbox 871 1219 1059 1266; x_wconf 88' lang='lat' dir='ltr'><strong>meae</strong></span> <span class='ocrx_word' id='word_1_67' title='bbox 1118 1202 1368 1286; x_wconf 81' lang='lat' dir='ltr'><strong>primae</strong></span> <span class='ocrx_word' id='word_1_68' title='bbox 1415 1202 1993 1286; x_wconf 89' lang='lat' dir='ltr'><strong>peregrinationis,</strong></span> <span class='ocrx_word' id='word_1_69' title='bbox 2047 1206 2120 1267; x_wconf 87' lang='lat' dir='ltr'><strong>ln</strong></span> <span class='ocrx_word' id='word_1_70' title='bbox 2185 1222 2315 1287; x_wconf 86' lang='lat' dir='ltr'><strong>qua</strong></span> <span class='ocrx_word' id='word_1_71' title='bbox 2380 1205 2640 1269; x_wconf 83' lang='lat' dir='ltr'><strong>fuerunt</strong></span> <span class='ocrx_word' id='word_1_72' title='bbox 2689 1206 2846 1290; x_wconf 82' lang='lat' dir='ltr'><strong>irae,</strong></span> 
     </span>
     <span class='ocr_line' id='line_1_10' title="bbox 494 1305 2845 1393; baseline 0.001 -21"><span class='ocrx_word' id='word_1_73' title='bbox 494 1308 697 1390; x_wconf 82' lang='lat' dir='ltr'><strong>rixae,</strong></span> <span class='ocrx_word' id='word_1_74' title='bbox 736 1308 1190 1372; x_wconf 89' lang='lat' dir='ltr'><strong>contentiones</strong></span> <span class='ocrx_word' id='word_1_75' title='bbox 1237 1316 1305 1371; x_wconf 93' lang='lat' dir='ltr'><strong>et</strong></span> <span class='ocrx_word' id='word_1_76' title='bbox 1343 1305 1589 1371; x_wconf 90' lang='lat' dir='ltr'><strong>multae</strong></span> <span class='ocrx_word' id='word_1_77' title='bbox 1637 1306 2160 1393; x_wconf 84' lang='lat' dir='ltr'><strong>maledictiones,</strong></span> <span class='ocrx_word' id='word_1_78' title='bbox 2206 1319 2280 1372; x_wconf 92' lang='lat' dir='ltr'><strong>ut</strong></span> <span class='ocrx_word' id='word_1_79' title='bbox 2318 1318 2500 1393; x_wconf 88' lang='lat' dir='ltr'><strong>patet</strong></span> <span class='ocrx_word' id='word_1_80' title='bbox 2565 1310 2674 1374; x_wconf 83' lang='lat' dir='ltr'><strong>fol.</strong></span> <span class='ocrx_word' id='word_1_81' title='bbox 2744 1312 2845 1375; x_wconf 73' lang='lat'><strong>14.</strong></span> 
     </span>
     <span class='ocr_line' id='line_1_11' title="bbox 494 1410 2845 1498; baseline 0.001 -22"><span class='ocrx_word' id='word_1_82' title='bbox 494 1413 569 1476; x_wconf 85' lang='lat' dir='ltr'><strong>B.</strong></span> <span class='ocrx_word' id='word_1_83' title='bbox 636 1414 840 1496; x_wconf 79' lang='lat' dir='ltr'><strong>Igitur</strong></span> <span class='ocrx_word' id='word_1_84' title='bbox 871 1430 1018 1477; x_wconf 87' lang='lat' dir='ltr'><strong>cum</strong></span> <span class='ocrx_word' id='word_1_85' title='bbox 1068 1411 1172 1476; x_wconf 87' lang='lat' dir='ltr'><strong>sol</strong></span> <span class='ocrx_word' id='word_1_86' title='bbox 1211 1410 1298 1476; x_wconf 86' lang='lat' dir='ltr'><strong>ad</strong></span> <span class='ocrx_word' id='word_1_87' title='bbox 1339 1430 1646 1476; x_wconf 88' lang='lat' dir='ltr'><strong>occasum</strong></span> <span class='ocrx_word' id='word_1_88' title='bbox 1691 1413 1986 1477; x_wconf 84' lang='lat' dir='ltr'><strong>tenderet</strong></span> <span class='ocrx_word' id='word_1_89' title='bbox 2025 1413 2110 1478; x_wconf 87' lang='lat' dir='ltr'><strong>ad</strong></span> <span class='ocrx_word' id='word_1_90' title='bbox 2154 1432 2425 1479; x_wconf 88' lang='lat' dir='ltr'><strong>coenam</strong></span> <span class='ocrx_word' id='word_1_91' title='bbox 2476 1416 2546 1478; x_wconf 92' lang='lat' dir='ltr'><strong>in</strong></span> <span class='ocrx_word' id='word_1_92' title='bbox 2585 1415 2845 1498; x_wconf 70' lang='lat' dir='ltr'><strong>galeam</strong></span> 
     </span>
     <span class='ocr_line' id='line_1_12' title="bbox 494 1517 2854 1604; baseline 0 -20"><span class='ocrx_word' id='word_1_93' title='bbox 494 1519 745 1584; x_wconf 86' lang='lat' dir='ltr'><strong>reversi</strong></span> <span class='ocrx_word' id='word_1_94' title='bbox 777 1534 1026 1602; x_wconf 88' lang='lat' dir='ltr'><strong>sumus,</strong></span> <span class='ocrx_word' id='word_1_95' title='bbox 1067 1535 1193 1582; x_wconf 90' lang='lat' dir='ltr'><strong>nec</strong></span> <span class='ocrx_word' id='word_1_96' title='bbox 1224 1517 1337 1582; x_wconf 87' lang='lat' dir='ltr'><strong>illa</strong></span> <span class='ocrx_word' id='word_1_97' title='bbox 1365 1526 1557 1582; x_wconf 90' lang='lat' dir='ltr'><strong>nocte</strong></span> <span class='ocrx_word' id='word_1_98' title='bbox 1580 1517 1726 1600; x_wconf 80' lang='lat' dir='ltr'><strong>(B)</strong></span> <span class='ocrx_word' id='word_1_99' title='bbox 1766 1537 1889 1583; x_wconf 89' lang='lat' dir='ltr'><strong>nos</strong></span> <span class='ocrx_word' id='word_1_100' title='bbox 1931 1537 1973 1581; x_wconf 89' lang='lat' dir='ltr'><strong>a</strong></span> <span class='ocrx_word' id='word_1_101' title='bbox 1994 1518 2139 1584; x_wconf 88' lang='lat' dir='ltr'><strong>loco</strong></span> <span class='ocrx_word' id='word_1_102' title='bbox 2164 1521 2505 1604; x_wconf 83' lang='lat' dir='ltr'><strong>movimus,</strong></span> <span class='ocrx_word' id='word_1_103' title='bbox 2548 1521 2854 1604; x_wconf 86' lang='lat' dir='ltr'><strong>quamvis</strong></span> 
     </span>
     <span class='ocr_line' id='line_1_13' title="bbox 496 1623 1506 1709; baseline -0.002 -22"><span class='ocrx_word' id='word_1_104' title='bbox 496 1624 672 1709; x_wconf 83' lang='lat' dir='ltr'><strong>rigor</strong></span> <span class='ocrx_word' id='word_1_105' title='bbox 709 1633 1048 1687; x_wconf 89' lang='lat' dir='ltr'><strong>ventorum</strong></span> <span class='ocrx_word' id='word_1_106' title='bbox 1093 1623 1506 1687; x_wconf 75' lang='lat' dir='ltr'><strong>lentesceret.</strong></span> 
     </span>
    </p>

    <p class='ocr_par' dir='ltr' id='par_1_3' title="bbox 497 1725 2880 4442">
     <span class='ocr_line' id='line_1_14' title="bbox 665 1725 2845 1814; baseline 0.002 -23"><span class='ocrx_word' id='word_1_107' title='bbox 665 1727 865 1791; x_wconf 88' lang='lat' dir='ltr'><strong>Nona</strong></span> <span class='ocrx_word' id='word_1_108' title='bbox 928 1725 1152 1792; x_wconf 78' lang='lat' dir='ltr'><strong>eduxit</strong></span> <span class='ocrx_word' id='word_1_109' title='bbox 1205 1730 1398 1792; x_wconf 91' lang='lat' dir='ltr'><strong>nobis</strong></span> <span class='ocrx_word' id='word_1_110' title='bbox 1440 1729 1626 1792; x_wconf 85' lang='lat' dir='ltr'><strong>Deus</strong></span> <span class='ocrx_word' id='word_1_111' title='bbox 1667 1738 1916 1793; x_wconf 88' lang='lat' dir='ltr'><strong>ventun</strong></span> <span class='ocrx_word' id='word_1_112' title='bbox 1949 1729 2032 1794; x_wconf 91' lang='lat' dir='ltr'><strong>de</strong></span> <span class='ocrx_word' id='word_1_113' title='bbox 2075 1730 2402 1794; x_wconf 73' lang='lat' dir='ltr'><strong>thesauris</strong></span> <span class='ocrx_word' id='word_1_114' title='bbox 2451 1731 2593 1794; x_wconf 89' lang='lat' dir='ltr'><strong>suis</strong></span> <span class='ocrx_word' id='word_1_115' title='bbox 2649 1747 2845 1814; x_wconf 89' lang='lat' dir='ltr'><strong>pros-</strong></span> 
     </span>
     <span class='ocr_line' id='line_1_15' title="bbox 497 1833 2856 1918; baseline 0.001 -23"><span class='ocrx_word' id='word_1_116' title='bbox 497 1850 747 1916; x_wconf 85' lang='lat' dir='ltr'><strong>perum,</strong></span> <span class='ocrx_word' id='word_1_117' title='bbox 793 1833 1032 1896; x_wconf 85' lang='lat' dir='ltr'><strong>bonum</strong></span> <span class='ocrx_word' id='word_1_118' title='bbox 1097 1841 1167 1896; x_wconf 89' lang='lat' dir='ltr'><strong>et</strong></span> <span class='ocrx_word' id='word_1_119' title='bbox 1211 1835 1402 1898; x_wconf 89' lang='lat' dir='ltr'><strong>nobis</strong></span> <span class='ocrx_word' id='word_1_120' title='bbox 1457 1834 1936 1918; x_wconf 84' lang='lat' dir='ltr'><strong>gratissimum:</strong></span> <span class='ocrx_word' id='word_1_121' title='bbox 1996 1846 2064 1898; x_wconf 89' lang='lat' dir='ltr'><strong>et</strong></span> <span class='ocrx_word' id='word_1_122' title='bbox 2120 1834 2359 1899; x_wconf 83' lang='lat' dir='ltr'><strong>levatis</strong></span> <span class='ocrx_word' id='word_1_123' title='bbox 2432 1836 2734 1899; x_wconf 85' lang='lat' dir='ltr'><strong>anchoris</strong></span> <span class='ocrx_word' id='word_1_124' title='bbox 2787 1844 2856 1898; x_wconf 89' lang='lat' dir='ltr'><strong>et</strong></span> 
     </span>
     <span class='ocr_line' id='line_1_16' title="bbox 503 1936 2860 2023; baseline 0 -21"><span class='ocrx_word' id='word_1_125' title='bbox 503 1938 737 2019; x_wconf 77' lang='lat' dir='ltr'><strong>solutis</strong></span> <span class='ocrx_word' id='word_1_126' title='bbox 780 1936 1061 2021; x_wconf 88' lang='lat' dir='ltr'><strong>chordis,</strong></span> <span class='ocrx_word' id='word_1_127' title='bbox 1106 1938 1282 2001; x_wconf 88' lang='lat' dir='ltr'><strong>velis</strong></span> <span class='ocrx_word' id='word_1_128' title='bbox 1326 1941 1636 2023; x_wconf 86' lang='lat' dir='ltr'><strong>expansis</strong></span> <span class='ocrx_word' id='word_1_129' title='bbox 1676 1956 1758 2003; x_wconf 85' lang='lat' dir='ltr'><strong>ac</strong></span> <span class='ocrx_word' id='word_1_130' title='bbox 1796 1949 1994 2004; x_wconf 89' lang='lat' dir='ltr'><strong>vento</strong></span> <span class='ocrx_word' id='word_1_131' title='bbox 2044 1941 2446 2022; x_wconf 82' lang='lat' dir='ltr'><strong>commissis,</strong></span> <span class='ocrx_word' id='word_1_132' title='bbox 2502 1942 2723 2003; x_wconf 89' lang='lat' dir='ltr'><strong>statim</strong></span> <span class='ocrx_word' id='word_1_133' title='bbox 2782 1949 2860 2003; x_wconf 89' lang='lat' dir='ltr'><strong>ut</strong></span> 
     </span>
     <span class='ocr_line' id='line_1_17' title="bbox 506 2043 2858 2127; baseline 0 -20"><span class='ocrx_word' id='word_1_134' title='bbox 506 2043 722 2107; x_wconf 88' lang='lat' dir='ltr'><strong>educti</strong></span> <span class='ocrx_word' id='word_1_135' title='bbox 766 2052 952 2106; x_wconf 86' lang='lat' dir='ltr'><strong>extra</strong></span> <span class='ocrx_word' id='word_1_136' title='bbox 990 2052 1242 2126; x_wconf 88' lang='lat' dir='ltr'><strong>portum</strong></span> <span class='ocrx_word' id='word_1_137' title='bbox 1287 2043 1527 2109; x_wconf 76' lang='lat' dir='ltr'><strong>fuimus</strong></span> <span class='ocrx_word' id='word_1_138' title='bbox 1573 2047 1646 2108; x_wconf 90' lang='lat' dir='ltr'><strong>in</strong></span> <span class='ocrx_word' id='word_1_139' title='bbox 1706 2044 2117 2109; x_wconf 71' lang='lat' dir='ltr'><strong>altitudinem</strong></span> <span class='ocrx_word' id='word_1_140' title='bbox 2153 2046 2350 2109; x_wconf 89' lang='lat' dir='ltr'><strong>maris</strong></span> <span class='ocrx_word' id='word_1_141' title='bbox 2389 2044 2581 2127; x_wconf 88' lang='lat' dir='ltr'><strong>ejecti</strong></span> <span class='ocrx_word' id='word_1_142' title='bbox 2623 2061 2858 2108; x_wconf 88' lang='lat' dir='ltr'><strong>sumus</strong></span> 
     </span>
     <span class='ocr_line' id='line_1_18' title="bbox 526 2138 2858 2215; baseline 0.001 -2"><span class='ocrx_word' id='word_1_143' title='bbox 526 2158 593 2213; x_wconf 88' lang='lat' dir='ltr'><strong>et</strong></span> <span class='ocrx_word' id='word_1_144' title='bbox 639 2138 792 2212; x_wconf 70' lang='lat' dir='ltr'><strong>ai‘tte</strong></span> <span class='ocrx_word' id='word_1_145' title='bbox 827 2147 1158 2214; x_wconf 87' lang='lat' dir='ltr'><strong>meridiem</strong></span> <span class='ocrx_word' id='word_1_146' title='bbox 1206 2150 1291 2214; x_wconf 85' lang='lat' dir='ltr'><strong>ad</strong></span> <span class='ocrx_word' id='word_1_147' title='bbox 1330 2150 1585 2214; x_wconf 85' lang='lat' dir='ltr'><strong>Iadram</strong></span> <span class='ocrx_word' id='word_1_148' title='bbox 1647 2152 1975 2215; x_wconf 88' lang='lat' dir='ltr'><strong>civitatem</strong></span> <span class='ocrx_word' id='word_1_149' title='bbox 2040 2149 2405 2213; x_wconf 78' lang='lat' dir='ltr'><strong>Dalmatiae</strong></span> <span class='ocrx_word' id='word_1_150' title='bbox 2466 2152 2858 2215; x_wconf 83' lang='lat' dir='ltr'><strong>nominatam</strong></span> 
     </span>
     <span class='ocr_line' id='line_1_19' title="bbox 509 2254 2861 2338; baseline 0 -20"><span class='ocrx_word' id='word_1_151' title='bbox 509 2256 833 2325; x_wconf 78' lang='lat' dir='ltr'><strong>venimus.</strong></span> <span class='ocrx_word' id='word_1_152' title='bbox 915 2255 1015 2318; x_wconf 85' lang='lat' dir='ltr'><strong>lbi</strong></span> <span class='ocrx_word' id='word_1_153' title='bbox 1060 2274 1216 2338; x_wconf 87' lang='lat' dir='ltr'><strong>ergo</strong></span> <span class='ocrx_word' id='word_1_154' title='bbox 1260 2254 1546 2321; x_wconf 84' lang='lat' dir='ltr'><strong>dimissis</strong></span> <span class='ocrx_word' id='word_1_155' title='bbox 1601 2257 1771 2321; x_wconf 88' lang='lat' dir='ltr'><strong>velis</strong></span> <span class='ocrx_word' id='word_1_156' title='bbox 1827 2266 1899 2320; x_wconf 89' lang='lat' dir='ltr'><strong>et</strong></span> <span class='ocrx_word' id='word_1_157' title='bbox 1960 2273 2091 2319; x_wconf 88' lang='lat' dir='ltr'><strong>una</strong></span> <span class='ocrx_word' id='word_1_158' title='bbox 2149 2254 2395 2338; x_wconf 88' lang='lat' dir='ltr'><strong>injecta</strong></span> <span class='ocrx_word' id='word_1_159' title='bbox 2453 2256 2738 2319; x_wconf 80' lang='lat' dir='ltr'><strong>anchora</strong></span> <span class='ocrx_word' id='word_1_160' title='bbox 2791 2264 2861 2318; x_wconf 87' lang='lat' dir='ltr'><strong>et</strong></span> 
     </span>
     <span class='ocr_line' id='line_1_20' title="bbox 511 2359 2859 2445; baseline 0.001 -24"><span class='ocrx_word' id='word_1_161' title='bbox 511 2360 763 2441; x_wconf 87' lang='lat' dir='ltr'><strong>scapha</strong></span> <span class='ocrx_word' id='word_1_162' title='bbox 826 2359 896 2422; x_wconf 90' lang='lat' dir='ltr'><strong>in</strong></span> <span class='ocrx_word' id='word_1_163' title='bbox 947 2362 1125 2425; x_wconf 75' lang='lat' dir='ltr'><strong>thare</strong></span> <span class='ocrx_word' id='word_1_164' title='bbox 1183 2365 1387 2426; x_wconf 86' lang='lat' dir='ltr'><strong>missa</strong></span> <span class='ocrx_word' id='word_1_165' title='bbox 1459 2362 1635 2425; x_wconf 86' lang='lat' dir='ltr'><strong>misit</strong></span> <span class='ocrx_word' id='word_1_166' title='bbox 1689 2370 2001 2445; x_wconf 86' lang='lat' dir='ltr'><strong>patronus</strong></span> <span class='ocrx_word' id='word_1_167' title='bbox 2060 2379 2291 2425; x_wconf 85' lang='lat' dir='ltr'><strong>servos</strong></span> <span class='ocrx_word' id='word_1_168' title='bbox 2345 2362 2415 2423; x_wconf 91' lang='lat' dir='ltr'><strong>in</strong></span> <span class='ocrx_word' id='word_1_169' title='bbox 2466 2362 2665 2424; x_wconf 86' lang='lat' dir='ltr'><strong>barca</strong></span> <span class='ocrx_word' id='word_1_170' title='bbox 2711 2379 2859 2424; x_wconf 85' lang='lat' dir='ltr'><strong>cum</strong></span> 
     </span>
     <span class='ocr_line' id='line_1_21' title="bbox 517 2464 2862 2551; baseline 0 -24"><span class='ocrx_word' id='word_1_171' title='bbox 517 2464 809 2527; x_wconf 83' lang='lat' dir='ltr'><strong>vasculis</strong></span> <span class='ocrx_word' id='word_1_172' title='bbox 844 2466 914 2526; x_wconf 90' lang='lat' dir='ltr'><strong>in</strong></span> <span class='ocrx_word' id='word_1_173' title='bbox 956 2466 1289 2530; x_wconf 84' lang='lat' dir='ltr'><strong>civitatem</strong></span> <span class='ocrx_word' id='word_1_174' title='bbox 1332 2466 1415 2531; x_wconf 88' lang='lat' dir='ltr'><strong>ad</strong></span> <span class='ocrx_word' id='word_1_175' title='bbox 1460 2466 1856 2530; x_wconf 80' lang='lat' dir='ltr'><strong>efferendam</strong></span> <span class='ocrx_word' id='word_1_176' title='bbox 1896 2485 2153 2551; x_wconf 86' lang='lat' dir='ltr'><strong>aquam,</strong></span> <span class='ocrx_word' id='word_1_177' title='bbox 2201 2467 2357 2550; x_wconf 85' lang='lat' dir='ltr'><strong>quia</strong></span> <span class='ocrx_word' id='word_1_178' title='bbox 2394 2484 2604 2551; x_wconf 87' lang='lat' dir='ltr'><strong>aquae</strong></span> <span class='ocrx_word' id='word_1_179' title='bbox 2618 2512 2637 2549; x_wconf 90' lang='lat'>,</span> <span class='ocrx_word' id='word_1_180' title='bbox 2695 2483 2862 2548; x_wconf 82' lang='lat' dir='ltr'><strong>quas</strong></span> 
     </span>
     <span class='ocr_line' id='line_1_22' title="bbox 514 2568 2863 2656; baseline 0.001 -23"><span class='ocrx_word' id='word_1_181' title='bbox 514 2569 866 2634; x_wconf 83' lang='lat' dir='ltr'><strong>tuleramus</strong></span> <span class='ocrx_word' id='word_1_182' title='bbox 905 2568 990 2633; x_wconf 91' lang='lat' dir='ltr'><strong>de</strong></span> <span class='ocrx_word' id='word_1_183' title='bbox 1006 2569 1288 2656; x_wconf 68' lang='lat' dir='ltr'><strong>Eubius,</strong></span> <span class='ocrx_word' id='word_1_184' title='bbox 1331 2573 1521 2636; x_wconf 88' lang='lat' dir='ltr'><strong>nobis</strong></span> <span class='ocrx_word' id='word_1_185' title='bbox 1564 2571 1979 2637; x_wconf 79' lang='lat' dir='ltr'><strong>defecerant:</strong></span> <span class='ocrx_word' id='word_1_186' title='bbox 2028 2590 2153 2636; x_wconf 90' lang='lat' dir='ltr'><strong>nec</strong></span> <span class='ocrx_word' id='word_1_187' title='bbox 2192 2573 2261 2635; x_wconf 90' lang='lat' dir='ltr'><strong>in</strong></span> <span class='ocrx_word' id='word_1_188' title='bbox 2315 2572 2553 2635; x_wconf 87' lang='lat' dir='ltr'><strong>insulis</strong></span> <span class='ocrx_word' id='word_1_189' title='bbox 2609 2572 2863 2635; x_wconf 87' lang='lat' dir='ltr'><strong>Assaro</strong></span> 
     </span>
     <span class='ocr_line' id='line_1_23' title="bbox 519 2677 2865 2761; baseline -0 -22"><span class='ocrx_word' id='word_1_190' title='bbox 519 2685 660 2741; x_wconf 85' lang='lat' dir='ltr'><strong>erat</strong></span> <span class='ocrx_word' id='word_1_191' title='bbox 677 2694 808 2739; x_wconf 90' lang='lat' dir='ltr'><strong>una</strong></span> <span class='ocrx_word' id='word_1_192' title='bbox 826 2683 1014 2759; x_wconf 88' lang='lat' dir='ltr'><strong>gutta</strong></span> <span class='ocrx_word' id='word_1_193' title='bbox 1033 2694 1243 2761; x_wconf 85' lang='lat' dir='ltr'><strong>aquae</strong></span> <span class='ocrx_word' id='word_1_194' title='bbox 1265 2678 1588 2761; x_wconf 87' lang='lat' dir='ltr'><strong>potabilis.</strong></span> <span class='ocrx_word' id='word_1_195' title='bbox 1639 2678 1870 2743; x_wconf 88' lang='lat' dir='ltr'><strong>Noluit</strong></span> <span class='ocrx_word' id='word_1_196' title='bbox 1898 2687 2113 2742; x_wconf 86' lang='lat' dir='ltr'><strong>autem</strong></span> <span class='ocrx_word' id='word_1_197' title='bbox 2156 2685 2494 2761; x_wconf 88' lang='lat' dir='ltr'><strong>patronus,</strong></span> <span class='ocrx_word' id='word_1_198' title='bbox 2510 2696 2593 2739; x_wconf 87' lang='lat' dir='ltr'><strong>ne</strong></span> <span class='ocrx_word' id='word_1_199' title='bbox 2628 2677 2865 2761; x_wconf 81' lang='lat' dir='ltr'><strong>aliquis</strong></span> 
     </span>
     <span class='ocr_line' id='line_1_24' title="bbox 517 2781 2865 2869; baseline -0.001 -23"><span class='ocrx_word' id='word_1_200' title='bbox 517 2782 901 2865; x_wconf 85' lang='lat' dir='ltr'><strong>peregrinus</strong></span> <span class='ocrx_word' id='word_1_201' title='bbox 962 2783 1346 2848; x_wconf 86' lang='lat' dir='ltr'><strong>educeretur</strong></span> <span class='ocrx_word' id='word_1_202' title='bbox 1363 2829 1385 2869; x_wconf 88' lang='lat'>‚</span> <span class='ocrx_word' id='word_1_203' title='bbox 1429 2784 1581 2868; x_wconf 87' lang='lat' dir='ltr'><strong>quia</strong></span> <span class='ocrx_word' id='word_1_204' title='bbox 1628 2786 1846 2848; x_wconf 87' lang='lat' dir='ltr'><strong>statim</strong></span> <span class='ocrx_word' id='word_1_205' title='bbox 1871 2783 2178 2847; x_wconf 86' lang='lat' dir='ltr'><strong>recedere</strong></span> <span class='ocrx_word' id='word_1_206' title='bbox 2203 2782 2600 2846; x_wconf 82' lang='lat' dir='ltr'><strong>intendebat.</strong></span> <span class='ocrx_word' id='word_1_207' title='bbox 2644 2781 2865 2844; x_wconf 85' lang='lat' dir='ltr'><strong>Nobis</strong></span> 
     </span>
     <span class='ocr_line' id='line_1_25' title="bbox 522 2885 2868 2973; baseline -0.002 -22"><span class='ocrx_word' id='word_1_208' title='bbox 522 2907 684 2951; x_wconf 82' lang='lat' dir='ltr'><strong>vero</strong></span> <span class='ocrx_word' id='word_1_209' title='bbox 735 2888 836 2950; x_wconf 89' lang='lat' dir='ltr'><strong>sic</strong></span> <span class='ocrx_word' id='word_1_210' title='bbox 869 2886 959 2950; x_wconf 85' lang='lat' dir='ltr'><strong>ibi</strong></span> <span class='ocrx_word' id='word_1_211' title='bbox 987 2890 1331 2972; x_wconf 84' lang='lat' dir='ltr'><strong>stantibus,</strong></span> <span class='ocrx_word' id='word_1_212' title='bbox 1364 2907 1521 2952; x_wconf 87' lang='lat' dir='ltr'><strong>ecce</strong></span> <span class='ocrx_word' id='word_1_213' title='bbox 1555 2888 1854 2955; x_wconf 84' lang='lat' dir='ltr'><strong>(lominus</strong></span> <span class='ocrx_word' id='word_1_214' title='bbox 1896 2890 2307 2973; x_wconf 80' lang='lat' dir='ltr'><strong>Augustinus</strong></span> <span class='ocrx_word' id='word_1_215' title='bbox 2347 2904 2493 2952; x_wconf 89' lang='lat' dir='ltr'><strong>cum</strong></span> <span class='ocrx_word' id='word_1_216' title='bbox 2522 2904 2646 2950; x_wconf 86' lang='lat' dir='ltr'><strong>sua</strong></span> <span class='ocrx_word' id='word_1_217' title='bbox 2673 2885 2868 2968; x_wconf 71' lang='lat' dir='ltr'><strong>galea</strong></span> 
     </span>
     <span class='ocr_line' id='line_1_26' title="bbox 526 2991 2869 3077; baseline 0 -24"><span class='ocrx_word' id='word_1_218' title='bbox 526 2993 722 3054; x_wconf 87' lang='lat' dir='ltr'><strong>etiam</strong></span> <span class='ocrx_word' id='word_1_219' title='bbox 764 2991 971 3072; x_wconf 83' lang='lat' dir='ltr'><strong>venit,</strong></span> <span class='ocrx_word' id='word_1_220' title='bbox 1012 2999 1078 3053; x_wconf 90' lang='lat' dir='ltr'><strong>et</strong></span> <span class='ocrx_word' id='word_1_221' title='bbox 1113 3010 1234 3057; x_wconf 88' lang='lat' dir='ltr'><strong>nos</strong></span> <span class='ocrx_word' id='word_1_222' title='bbox 1269 2995 1686 3077; x_wconf 77' lang='lat' dir='ltr'><strong>praeterivit:</strong></span> <span class='ocrx_word' id='word_1_223' title='bbox 1720 2994 1917 3077; x_wconf 86' lang='lat' dir='ltr'><strong>longe</strong></span> <span class='ocrx_word' id='word_1_224' title='bbox 1950 3004 2167 3057; x_wconf 88' lang='lat' dir='ltr'><strong>tamen</strong></span> <span class='ocrx_word' id='word_1_225' title='bbox 2201 2995 2270 3057; x_wconf 89' lang='lat' dir='ltr'><strong>in</strong></span> <span class='ocrx_word' id='word_1_226' title='bbox 2302 2994 2496 3057; x_wconf 86' lang='lat' dir='ltr'><strong>maris</strong></span> <span class='ocrx_word' id='word_1_227' title='bbox 2547 2991 2678 3055; x_wconf 89' lang='lat' dir='ltr'><strong>alto</strong></span> <span class='ocrx_word' id='word_1_228' title='bbox 2720 3009 2869 3054; x_wconf 82' lang='lat' dir='ltr'><strong>eam</strong></span> 
     </span>
     <span class='ocr_line' id='line_1_27' title="bbox 527 3094 2871 3181; baseline 0.001 -24"><span class='ocrx_word' id='word_1_229' title='bbox 527 3094 810 3157; x_wconf 85' lang='lat' dir='ltr'><strong>vidimus</strong></span> <span class='ocrx_word' id='word_1_230' title='bbox 853 3103 1119 3177; x_wconf 89' lang='lat' dir='ltr'><strong>repente</strong></span> <span class='ocrx_word' id='word_1_231' title='bbox 1159 3106 1424 3161; x_wconf 86' lang='lat' dir='ltr'><strong>ventum</strong></span> <span class='ocrx_word' id='word_1_232' title='bbox 1466 3116 1846 3179; x_wconf 86' lang='lat' dir='ltr'><strong>prosperum</strong></span> <span class='ocrx_word' id='word_1_233' title='bbox 1894 3107 2293 3181; x_wconf 83' lang='lat' dir='ltr'><strong>sequentem.</strong></span> <span class='ocrx_word' id='word_1_234' title='bbox 2361 3099 2467 3160; x_wconf 92' lang='lat' dir='ltr'><strong>De</strong></span> <span class='ocrx_word' id='word_1_235' title='bbox 2502 3098 2626 3161; x_wconf 87' lang='lat' dir='ltr'><strong>hoc</strong></span> <span class='ocrx_word' id='word_1_236' title='bbox 2665 3096 2871 3160; x_wconf 80' lang='lat' dir='ltr'><strong>nostri</strong></span> 
     </span>
     <span class='ocr_line' id='line_1_28' title="bbox 529 3199 2871 3287; baseline 0.001 -26"><span class='ocrx_word' id='word_1_237' title='bbox 529 3199 999 3281; x_wconf 81' lang='lat' dir='ltr'><strong>gubernatores</strong></span> <span class='ocrx_word' id='word_1_238' title='bbox 1065 3200 1302 3263; x_wconf 85' lang='lat' dir='ltr'><strong>turbati</strong></span> <span class='ocrx_word' id='word_1_239' title='bbox 1375 3201 1636 3263; x_wconf 84' lang='lat' dir='ltr'><strong>fuerunt</strong></span> <span class='ocrx_word' id='word_1_240' title='bbox 1651 3245 1673 3283; x_wconf 91' lang='lat'><strong><em>,</em></strong></span> <span class='ocrx_word' id='word_1_241' title='bbox 1739 3201 1895 3284; x_wconf 86' lang='lat' dir='ltr'><strong>quia</strong></span> <span class='ocrx_word' id='word_1_242' title='bbox 1955 3202 2213 3265; x_wconf 89' lang='lat' dir='ltr'><strong>omnino</strong></span> <span class='ocrx_word' id='word_1_243' title='bbox 2275 3211 2746 3287; x_wconf 84' lang='lat' dir='ltr'><strong>proposuerant</strong></span> <span class='ocrx_word' id='word_1_244' title='bbox 2802 3209 2871 3264; x_wconf 88' lang='lat' dir='ltr'><strong>et</strong></span> 
     </span>
     <span class='ocr_line' id='line_1_29' title="bbox 534 3300 2865 3391; baseline 0.002 -26"><span class='ocrx_word' id='word_1_245' title='bbox 534 3309 837 3365; x_wconf 84' lang='lat' dir='ltr'><strong>conatum</strong></span> <span class='ocrx_word' id='word_1_246' title='bbox 875 3300 960 3364; x_wconf 86' lang='lat' dir='ltr'><strong>ad</strong></span> <span class='ocrx_word' id='word_1_247' title='bbox 997 3302 1123 3366; x_wconf 89' lang='lat' dir='ltr'><strong>hoc</strong></span> <span class='ocrx_word' id='word_1_248' title='bbox 1176 3303 1623 3388; x_wconf 85' lang='lat' dir='ltr'><strong>adhibuerant,</strong></span> <span class='ocrx_word' id='word_1_249' title='bbox 1669 3304 1842 3389; x_wconf 88' lang='lat' dir='ltr'><strong>quod</strong></span> <span class='ocrx_word' id='word_1_250' title='bbox 1893 3324 2042 3368; x_wconf 88' lang='lat' dir='ltr'><strong>eum</strong></span> <span class='ocrx_word' id='word_1_251' title='bbox 2100 3324 2359 3391; x_wconf 85' lang='lat' dir='ltr'><strong>semper</strong></span> <span class='ocrx_word' id='word_1_252' title='bbox 2418 3307 2663 3371; x_wconf 85' lang='lat' dir='ltr'><strong>vellent</strong></span> <span class='ocrx_word' id='word_1_253' title='bbox 2716 3324 2865 3370; x_wconf 89' lang='lat' dir='ltr'><strong>cum</strong></span> 
     </span>
     <span class='ocr_line' id='line_1_30' title="bbox 532 3404 2873 3494; baseline 0.003 -26"><span class='ocrx_word' id='word_1_254' title='bbox 532 3415 758 3470; x_wconf 88' lang='lat' dir='ltr'><strong>nostra</strong></span> <span class='ocrx_word' id='word_1_255' title='bbox 817 3404 1010 3490; x_wconf 69' lang='lat' dir='ltr'><strong>galea</strong></span> <span class='ocrx_word' id='word_1_256' title='bbox 1050 3407 1435 3471; x_wconf 85' lang='lat' dir='ltr'><strong>antecedere</strong></span> <span class='ocrx_word' id='word_1_257' title='bbox 1467 3452 1488 3493; x_wconf 88' lang='lat'>,</span> <span class='ocrx_word' id='word_1_258' title='bbox 1531 3426 1744 3494; x_wconf 85' lang='lat' dir='ltr'><strong>nsque</strong></span> <span class='ocrx_word' id='word_1_259' title='bbox 1787 3409 1871 3473; x_wconf 84' lang='lat' dir='ltr'><strong>ad</strong></span> <span class='ocrx_word' id='word_1_260' title='bbox 1934 3419 2173 3475; x_wconf 87' lang='lat' dir='ltr'><strong>terram</strong></span> <span class='ocrx_word' id='word_1_261' title='bbox 2227 3421 2555 3491; x_wconf 87' lang='lat' dir='ltr'><strong>sanctam,</strong></span> <span class='ocrx_word' id='word_1_262' title='bbox 2608 3410 2727 3474; x_wconf 88' lang='lat' dir='ltr'><strong>sed</strong></span> <span class='ocrx_word' id='word_1_263' title='bbox 2781 3410 2873 3474; x_wconf 85' lang='lat' dir='ltr'><strong>ibi</strong></span> 
     </span>
     <span class='ocr_line' id='line_1_31' title="bbox 536 3513 2874 3601; baseline 0.002 -27"><span class='ocrx_word' id='word_1_264' title='bbox 536 3513 936 3596; x_wconf 88' lang='lat' dir='ltr'><strong>propositum</strong></span> <span class='ocrx_word' id='word_1_265' title='bbox 1006 3529 1195 3577; x_wconf 88' lang='lat' dir='ltr'><strong>suum</strong></span> <span class='ocrx_word' id='word_1_266' title='bbox 1262 3513 1686 3578; x_wconf 83' lang='lat' dir='ltr'><strong>annihilatum</strong></span> <span class='ocrx_word' id='word_1_267' title='bbox 1750 3514 1890 3580; x_wconf 85' lang='lat' dir='ltr'><strong>fuit.</strong></span> <span class='ocrx_word' id='word_1_268' title='bbox 2009 3516 2207 3601; x_wconf 85' lang='lat' dir='ltr'><strong>Aqua</strong></span> <span class='ocrx_word' id='word_1_269' title='bbox 2271 3526 2488 3581; x_wconf 92' lang='lat' dir='ltr'><strong>autem</strong></span> <span class='ocrx_word' id='word_1_270' title='bbox 2560 3517 2630 3580; x_wconf 91' lang='lat' dir='ltr'><strong>in</strong></span> <span class='ocrx_word' id='word_1_271' title='bbox 2680 3514 2874 3599; x_wconf 71' lang='lat' dir='ltr'><strong>galea</strong></span> 
     </span>
     <span class='ocr_line' id='line_1_32' title="bbox 537 3616 2875 3706; baseline 0 -25"><span class='ocrx_word' id='word_1_272' title='bbox 537 3616 817 3683; x_wconf 87' lang='lat' dir='ltr'><strong>adducta</strong></span> <span class='ocrx_word' id='word_1_273' title='bbox 854 3619 1071 3683; x_wconf 83' lang='lat' dir='ltr'><strong>statim</strong></span> <span class='ocrx_word' id='word_1_274' title='bbox 1114 3621 1321 3682; x_wconf 88' lang='lat' dir='ltr'><strong>secuti</strong></span> <span class='ocrx_word' id='word_1_275' title='bbox 1365 3637 1594 3684; x_wconf 88' lang='lat' dir='ltr'><strong>sumus</strong></span> <span class='ocrx_word' id='word_1_276' title='bbox 1637 3620 2073 3705; x_wconf 84' lang='lat' dir='ltr'><strong>Augustinum</strong></span> <span class='ocrx_word' id='word_1_277' title='bbox 2115 3623 2506 3706; x_wconf 84' lang='lat' dir='ltr'><strong>navigantes</strong></span> <span class='ocrx_word' id='word_1_278' title='bbox 2547 3621 2662 3687; x_wconf 86' lang='lat' dir='ltr'><strong>via</strong></span> <span class='ocrx_word' id='word_1_279' title='bbox 2700 3619 2875 3683; x_wconf 88' lang='lat' dir='ltr'><strong>mul-</strong></span> 
     </span>
     <span class='ocr_line' id='line_1_33' title="bbox 538 3723 2878 3812; baseline 0 -24"><span class='ocrx_word' id='word_1_280' title='bbox 538 3734 673 3789; x_wconf 87' lang='lat' dir='ltr'><strong>tum</strong></span> <span class='ocrx_word' id='word_1_281' title='bbox 707 3723 1037 3810; x_wconf 84' lang='lat' dir='ltr'><strong>solatiosa,</strong></span> <span class='ocrx_word' id='word_1_282' title='bbox 1076 3727 1147 3789; x_wconf 90' lang='lat' dir='ltr'><strong>in</strong></span> <span class='ocrx_word' id='word_1_283' title='bbox 1189 3744 1319 3810; x_wconf 85' lang='lat' dir='ltr'><strong>qua</strong></span> <span class='ocrx_word' id='word_1_284' title='bbox 1358 3727 1438 3789; x_wconf 88' lang='lat' dir='ltr'><strong>ab</strong></span> <span class='ocrx_word' id='word_1_285' title='bbox 1482 3735 1754 3811; x_wconf 83' lang='lat' dir='ltr'><strong>utraque</strong></span> <span class='ocrx_word' id='word_1_286' title='bbox 1793 3735 1980 3812; x_wconf 86' lang='lat' dir='ltr'><strong>parte</strong></span> <span class='ocrx_word' id='word_1_287' title='bbox 2020 3727 2360 3792; x_wconf 83' lang='lat' dir='ltr'><strong>habuimus</strong></span> <span class='ocrx_word' id='word_1_288' title='bbox 2391 3726 2607 3810; x_wconf 86' lang='lat' dir='ltr'><strong>villas,</strong></span> <span class='ocrx_word' id='word_1_289' title='bbox 2659 3734 2878 3790; x_wconf 85' lang='lat' dir='ltr'><strong>castra</strong></span> 
     </span>
     <span class='ocr_line' id='line_1_34' title="bbox 538 3831 2874 3917; baseline -0.001 -23"><span class='ocrx_word' id='word_1_290' title='bbox 538 3839 605 3894; x_wconf 89' lang='lat' dir='ltr'><strong>et</strong></span> <span class='ocrx_word' id='word_1_291' title='bbox 627 3840 859 3915; x_wconf 77' lang='lat' dir='ltr'><strong>terram</strong></span> <span class='ocrx_word' id='word_1_292' title='bbox 884 3831 1177 3914; x_wconf 81' lang='lat' dir='ltr'><strong>fertilem,</strong></span> <span class='ocrx_word' id='word_1_293' title='bbox 1220 3840 1286 3896; x_wconf 89' lang='lat' dir='ltr'><strong>et</strong></span> <span class='ocrx_word' id='word_1_294' title='bbox 1305 3832 1604 3897; x_wconf 87' lang='lat' dir='ltr'><strong>venimus</strong></span> <span class='ocrx_word' id='word_1_295' title='bbox 1640 3831 1726 3895; x_wconf 84' lang='lat' dir='ltr'><strong>ad</strong></span> <span class='ocrx_word' id='word_1_296' title='bbox 1767 3840 2056 3898; x_wconf 86' lang='lat' dir='ltr'><strong>veterem</strong></span> <span class='ocrx_word' id='word_1_297' title='bbox 2090 3832 2382 3917; x_wconf 80' lang='lat' dir='ltr'><strong>Jadram,</strong></span> <span class='ocrx_word' id='word_1_298' title='bbox 2421 3831 2610 3914; x_wconf 88' lang='lat' dir='ltr'><strong>cujus</strong></span> <span class='ocrx_word' id='word_1_299' title='bbox 2652 3832 2874 3893; x_wconf 89' lang='lat' dir='ltr'><strong>ruinas</strong></span> 
     </span>
     <span class='ocr_line' id='line_1_35' title="bbox 538 3934 2872 4020; baseline 0 -21"><span class='ocrx_word' id='word_1_300' title='bbox 538 3934 823 4019; x_wconf 85' lang='lat' dir='ltr'><strong>grandes</strong></span> <span class='ocrx_word' id='word_1_301' title='bbox 863 3935 1145 4000; x_wconf 87' lang='lat' dir='ltr'><strong>vidimus</strong></span> <span class='ocrx_word' id='word_1_302' title='bbox 1189 3944 1256 3999; x_wconf 90' lang='lat' dir='ltr'><strong>et</strong></span> <span class='ocrx_word' id='word_1_303' title='bbox 1294 3936 1388 4000; x_wconf 90' lang='lat' dir='ltr'><strong>ita</strong></span> <span class='ocrx_word' id='word_1_304' title='bbox 1426 3936 1780 4019; x_wconf 85' lang='lat' dir='ltr'><strong>adjuvante</strong></span> <span class='ocrx_word' id='word_1_305' title='bbox 1822 3954 1944 4001; x_wconf 87' lang='lat' dir='ltr'><strong>nos</strong></span> <span class='ocrx_word' id='word_1_306' title='bbox 1965 3945 2166 4001; x_wconf 90' lang='lat' dir='ltr'><strong>vento</strong></span> <span class='ocrx_word' id='word_1_307' title='bbox 2210 3939 2377 4002; x_wconf 90' lang='lat' dir='ltr'><strong>satis</strong></span> <span class='ocrx_word' id='word_1_308' title='bbox 2398 3935 2657 4020; x_wconf 85' lang='lat' dir='ltr'><strong>longam</strong></span> <span class='ocrx_word' id='word_1_309' title='bbox 2697 3934 2872 3999; x_wconf 85' lang='lat' dir='ltr'><strong>viam</strong></span> 
     </span>
     <span class='ocr_line' id='line_1_36' title="bbox 537 4038 2877 4105; baseline -0.001 -2"><span class='ocrx_word' id='word_1_310' title='bbox 537 4038 650 4103; x_wconf 90' lang='lat' dir='ltr'><strong>illo</strong></span> <span class='ocrx_word' id='word_1_311' title='bbox 693 4038 803 4102; x_wconf 92' lang='lat' dir='ltr'><strong>die</strong></span> <span class='ocrx_word' id='word_1_312' title='bbox 841 4039 1132 4105; x_wconf 84' lang='lat' dir='ltr'><strong>fecimus.</strong></span> <span class='ocrx_word' id='word_1_313' title='bbox 1220 4041 1470 4105; x_wconf 88' lang='lat' dir='ltr'><strong>Verum</strong></span> <span class='ocrx_word' id='word_1_314' title='bbox 1525 4041 1596 4103; x_wconf 90' lang='lat' dir='ltr'><strong>in</strong></span> <span class='ocrx_word' id='word_1_315' title='bbox 1637 4057 1881 4104; x_wconf 88' lang='lat' dir='ltr'><strong>occasu</strong></span> <span class='ocrx_word' id='word_1_316' title='bbox 1918 4041 2083 4105; x_wconf 87' lang='lat' dir='ltr'><strong>solis</strong></span> <span class='ocrx_word' id='word_1_317' title='bbox 2135 4041 2317 4104; x_wconf 84' lang='lat' dir='ltr'><strong>siluit</strong></span> <span class='ocrx_word' id='word_1_318' title='bbox 2368 4049 2606 4104; x_wconf 88' lang='lat' dir='ltr'><strong>ventus</strong></span> <span class='ocrx_word' id='word_1_319' title='bbox 2654 4047 2877 4102; x_wconf 86' lang='lat' dir='ltr'><strong>noster</strong></span> 
     </span>
     <span class='ocr_line' id='line_1_37' title="bbox 539 4143 2877 4230; baseline -0 -22"><span class='ocrx_word' id='word_1_320' title='bbox 539 4143 768 4226; x_wconf 84' lang='lat' dir='ltr'><strong>bonus,</strong></span> <span class='ocrx_word' id='word_1_321' title='bbox 813 4153 880 4208; x_wconf 86' lang='lat' dir='ltr'><strong>et</strong></span> <span class='ocrx_word' id='word_1_322' title='bbox 921 4144 1185 4228; x_wconf 85' lang='lat' dir='ltr'><strong>quidam</strong></span> <span class='ocrx_word' id='word_1_323' title='bbox 1223 4145 1393 4211; x_wconf 88' lang='lat' dir='ltr'><strong>alius</strong></span> <span class='ocrx_word' id='word_1_324' title='bbox 1422 4147 1610 4211; x_wconf 85' lang='lat' dir='ltr'><strong>nobis</strong></span> <span class='ocrx_word' id='word_1_325' title='bbox 1651 4146 1903 4210; x_wconf 90' lang='lat' dir='ltr'><strong>inutilis</strong></span> <span class='ocrx_word' id='word_1_326' title='bbox 1945 4145 2008 4208; x_wconf 87' lang='lat' dir='ltr'><strong>ei</strong></span> <span class='ocrx_word' id='word_1_327' title='bbox 2048 4147 2377 4210; x_wconf 83' lang='lat' dir='ltr'><strong>successit</strong></span> <span class='ocrx_word' id='word_1_328' title='bbox 2395 4190 2417 4230; x_wconf 87' lang='lat'><strong><em>,</em></strong></span> <span class='ocrx_word' id='word_1_329' title='bbox 2479 4144 2587 4209; x_wconf 87' lang='lat' dir='ltr'><strong>cui</strong></span> <span class='ocrx_word' id='word_1_330' title='bbox 2638 4160 2877 4207; x_wconf 83' lang='lat' dir='ltr'><strong>navem</strong></span> 
     </span>
     <span class='ocr_line' id='line_1_38' title="bbox 540 4245 2879 4339; baseline -0.001 -26"><span class='ocrx_word' id='word_1_331' title='bbox 540 4251 931 4335; x_wconf 85' lang='lat' dir='ltr'><strong>accepimus,</strong></span> <span class='ocrx_word' id='word_1_332' title='bbox 971 4259 1041 4315; x_wconf 90' lang='lat' dir='ltr'><strong>et</strong></span> <span class='ocrx_word' id='word_1_333' title='bbox 1080 4268 1226 4314; x_wconf 86' lang='lat' dir='ltr'><strong>eam</strong></span> <span class='ocrx_word' id='word_1_334' title='bbox 1263 4251 1346 4315; x_wconf 86' lang='lat' dir='ltr'><strong>ad</strong></span> <span class='ocrx_word' id='word_1_335' title='bbox 1387 4261 1692 4317; x_wconf 87' lang='lat' dir='ltr'><strong>montana</strong></span> <span class='ocrx_word' id='word_1_336' title='bbox 1732 4250 2194 4333; x_wconf 74' lang='lat' dir='ltr'><strong>convertimus,</strong></span> <span class='ocrx_word' id='word_1_337' title='bbox 2234 4268 2322 4313; x_wconf 86' lang='lat' dir='ltr'><strong>ne</strong></span> <span class='ocrx_word' id='word_1_338' title='bbox 2375 4264 2498 4312; x_wconf 87' lang='lat' dir='ltr'><strong>nos</strong></span> <span class='ocrx_word' id='word_1_339' title='bbox 2540 4245 2800 4339; x_wconf 67' lang='lat' dir='ltr'><strong>longius</strong></span> <span class='ocrx_word' id='word_1_340' title='bbox 2836 4264 2879 4310; x_wconf 86' lang='lat' dir='ltr'><strong>a</strong></span> 
     </span>
     <span class='ocr_line' id='line_1_39' title="bbox 539 4353 2880 4442; baseline -0.001 -25"><span class='ocrx_word' id='word_1_341' title='bbox 539 4356 775 4419; x_wconf 88' lang='lat' dir='ltr'><strong>semita</strong></span> <span class='ocrx_word' id='word_1_342' title='bbox 810 4365 1031 4421; x_wconf 87' lang='lat' dir='ltr'><strong>nostra</strong></span> <span class='ocrx_word' id='word_1_343' title='bbox 1073 4357 1439 4422; x_wconf 81' lang='lat' dir='ltr'><strong>deduceret.</strong></span> <span class='ocrx_word' id='word_1_344' title='bbox 1480 4361 1569 4423; x_wconf 89' lang='lat' dir='ltr'><strong>Et</strong></span> <span class='ocrx_word' id='word_1_345' title='bbox 1606 4357 1895 4442; x_wconf 85' lang='lat' dir='ltr'><strong>ingressi</strong></span> <span class='ocrx_word' id='word_1_346' title='bbox 1940 4365 2244 4421; x_wconf 87' lang='lat' dir='ltr'><strong>montana</strong></span> <span class='ocrx_word' id='word_1_347' title='bbox 2271 4356 2342 4420; x_wconf 92' lang='lat' dir='ltr'><strong>in</strong></span> <span class='ocrx_word' id='word_1_348' title='bbox 2378 4353 2658 4442; x_wconf 84' lang='lat' dir='ltr'><strong>quodam</strong></span> <span class='ocrx_word' id='word_1_349' title='bbox 2688 4362 2880 4438; x_wconf 84' lang='lat' dir='ltr'><strong>portu</strong></span> 
     </span>
    </p>
   </div>
  </div>
 </body>
</html>
