3242 5259
1514 363 1602 436 ‘75

400 548 671 627 labitur,
712 562 891 610 mare
932 540 1086 605 fuit:
1130 541 1304 624 quod
1348 542 1516 605 bene
1554 543 1783 628 credo,
1826 562 1974 609 cum
2031 564 2212 610 mane
2249 559 2412 613 ante
2450 560 2744 635 tempora

403 654 599 716 fuant
637 650 836 714 multo
876 648 1095 731 altius,
1131 665 1323 729 quam
1364 665 1539 710 nunc
1577 650 1684 731 sit,
1721 658 1794 712 ut
1834 650 2210 717 ostendetur
2247 655 2407 719 folio
2442 662 2742 742 sequenti

402 768 473 821 et,
507 757 586 824 P.
626 758 690 818 2.
734 753 869 817 Fol.
922 750 1062 816 1⁷3.
1092 754 1171 813 Β.
1225 751 1548 815 Venimus
1592 762 1809 817 autem
1856 755 1940 819 ad
1981 776 2175 822 unam
2219 760 2439 825 villam
2483 766 2743 828 nomine

402 862 631 943 Nova,
670 863 741 923 in
784 875 979 942 quam
1023 859 1148 921 ruit
1190 859 1432 922 fluvius
1476 858 1740 940 rapidus
1785 858 1868 921 de
1933 866 2291 947 montanis,
2357 868 2467 950 qui
2510 869 2742 935 dividit

400 967 600 1030 Italos
642 967 723 1028 ab
778 965 1193 1047 Aiemannis,
1257 973 1323 1027 et
1377 982 1577 1048 supra
1639 965 1906 1029 fluvium
1968 968 2038 1028 in
2097 980 2282 1050 parte
2345 982 2567 1035 nostra
2607 982 2740 1039 stat

398 1091 531 1135 una
589 1070 897 1154 Capella,
949 1073 1018 1133 iu
1040 1154 1051 1165 δ
1073 1089 1203 1155 qua
1259 1069 1373 1133 ilia
1436 1070 1510 1135 S.
1581 1069 1870 1134 Udalrici
1932 1071 2248 1156 Episcopi
2297 1074 2739 1158 Augusteusis

397 1186 568 1240 sunt.-
621 1176 897 1260 sepulta.
986 1175 1230 1239 Dicunt
1291 1178 1498 1259 enim,
1560 1175 1734 1259 quod
1797 1174 2084 1241 Sanctus
2148 1180 2481 1262 praefatu
2549 1181 2739 1247 fuerit

395 1282 675 1365 Romae,
749 1292 816 1346 et
880 1283 951 1344 in
1003 1284 1258 1357 ,itinere
1332 1284 1628 1344 existens
1707 1281 1950 1365 incepit
2031 1286 2324 1366 graviter
2403 1284 2733 1363 fflrmari.

394 1389 682 1472 Rogavit
745 1396 961 1452 autem
1025 1387 1270 1470 Deum,
1354 1387 1529 1471 quod
1590 1406 1720 1450 non
1776 1389 2176 1470 permitteret
2260 1409 2406 1456 eum
2466 1395 2628 1459 mori
2670 1394 2738 1465 in

393 1495 599 1576 Italia,
644 1492 764 1556 sed
805 1495 874 1556 in
921 1493 1290 1576 Memmia,
1334 1502 1402 1555 et
1433 1494 1527 1556 ita
1568 1492 1811 1556 factum
1853 1503 1975 1557 est.
2022 1493 2257 1558 Statim
2301 1499 2471 1561 euim
2513 1507 2585 1561 ut
2621 1516 2739 1579 per

388 1609 651 1683 pontem
692 1599 886 1682 hujus
942 1598 1224 1662 fluminis
1290 1599 1504 1682 venit,
1582 1608 1884 1662 mortuus
1931 1599 2096 1676 fuit,
2162 1611 2227 1664 et
2287 1602 2401 1666 ilia
2429 1598 2605 1685 'ejus
2645 1604 2736 1666 ibi

390 1706 681 1789 sepulta,
733 1722 975 1787 corpus
1018 1723 1178 1767 vero
1242 1705 1363 1767 fuit
1403 1706 1474 1768 iu
1514 1704 1888 1786 Augustum
1946 1704 2370 1788 deportatum.
2454 1707 2561 1770 Ab
2608 1709 2734 1771 hoc

388 1811 531 1875 loco
574 1812 641 1873 in
699 1809 1077 1874 Tridentum
1138 1810 1469 1873 civitatem
1534 1809 1970 1892 equitavimus
2019 1819 2087 1872 et
2144 1829 2261 1894 per
2326 1822 2583 1875 noctem
2641 1813 2731 1875 ibi

385 1918 759 1983 mansimus.
844 1913 1098 1978 Civitas
1162 1914 1537 1978 Tridentina
1577 1932 1710 1976 una
1767 1923 1869 1977 est
1907 1913 1989 1977 de
2052 1918 2517 1980 vetustissimis
2559 1920 2732 1983 civi-

385 2023 626 2085 tatibus
657 2021 789 2084 iliis
808 2066 829 2104 ,
891 2037 1058 2102 quas
1104 2019 1367 2101 Trojani
1407 2021 1754 2083 venientes
1796 2038 1916 2103 per
1951 2038 2146 2099 mare,
2184 2039 2332 2084 cum
2393 2021 2729 2085 Antenore

384 2131 454 2191 in
495 2127 819 2191 montanis
871 2127 1420 2210 aedificaverunt3
1476 2125 1560 2189 ad
1602 2125 1746 2208 ejus
1804 2128 2062 2187 moenia
2118 2124 2396 2189 decurrit
2438 2127 2726 2201 Athesis.

387 2235 511 2297 Est
552 2242 764 2311 autam
806 2233 875 2294 in
918 2234 1376 2321 amoenissimo
1421 2241 1488 2295 et
1532 2232 1708 2295 claro
1755 2248 1838 2292 ac
1877 2247 2043 2292 sano
2086 2229 2236 2293 loco
2263 2234 2422 2295 sita:
2468 2241 2531 2294 et
2574 2241 2729 2294 sunt

390 2342 581 2422 quasi
627 2338 793 2402 duae
833 2340 1156 2421 civitates,
1196 2340 1467 2402 inferior
1507 2347 1571 2400 et
1609 2338 1924 2419 superior,
1948 2344 2212 2417 prepter
2233 2336 2397 2399 duas
2433 2336 2729 2400 diversas

387 2448 640 2528 gentes.
723 2445 799 2507 In
843 2445 1159 2527 superiori
1224 2445 1396 2509 enim
1461 2444 1754 2506 habitant
1825 2439 2066 2524 italici,
2134 2440 2385 2537 sedo-in
2442 2442 2730 2506 inferiori

387 2558 545 2612 sunt
558 2548 932 2612 Alemanni.
975 2549 1060 2610 Et
1086 2549 1177 2611 ibi
1218 2558 1320 2611 est
1354 2542 1588 2613 &visio
1620 2549 1884 2632 linguae
1925 2553 1994 2607 et
2034 2565 2303 2615 morum.
2344 2547 2524 2611 Raro
2561 2549 2730 2611 inter

385 2670 465 2717 se
505 2651 751 2715 habeut
790 2669 1038 2733 pacem,
1070 2662 1135 2715 et
1164 2671 1368 2735 saepe
1409 2665 1560 2720 ante
1601 2662 1910 2738 tempora·
1926 2658 2149 2713 nostra
2193 2651 2313 2713 fuit
2339 2652 2453 2714 iiia
2491 2653 2727 2717 civitas

387 2755 775 2837 dilacerata,
841 2756 1233 2841 quandoque
1287 2758 1369 2843 ab
1432 2756 1678 2820 Italicis
1736 2756 1801 2818 in
1865 2755 2082 2821 odium
2151 2756 2694 2823 'theutonicorum
2705 2778 2726 2841 3

384 2860 732 2945 aliquando
775 2879 817 2923 a
868 2858 1219 2926 Germanis
1281 2864 1349 2926 in
1413 2846 1884 2945 displicentiam
1941 2860 2277 2924 Italorum.
2361 2861 2512 2924 Non
2574 2870 2728 2924 sunt

383 2966 567 3030 multi
634 2967 786 3029 anni
848 2967 1102 3050 elapsi,
1186 2967 1359 3050 quod
1421 2968 1802 3030 'theutonici
1863 2969 1933 3028 in
2021 2967 2134 3029 illa
2210 2967 2480 3030 civitate
2542 2975 2727 3029 erant

380 3072 676 3154 hospites
719 3080 791 3139 et
823 3075 1015 3156 pauci
1027 3119 1056 3154 o
1102 3090 1480 3137 nunc-vero
1521 3081 1674 3135 suut
1720 3074 1903 3135 cives
1950 3080 2015 3134 et
2053 3072 2233 3136 urbis
2275 3070 2586 3142 rectores.
2640 3072 2728 3135 Et

366 3176 644 3240 tandem
711 3179 1039 3262 continget
1088 3179 1175 3242 de
1211 3180 1328 3243 illa
1369 3180 1671 3260 civitate,
1730 3187 1794 3239 et
1841 3195 2014 3239 nuuc
2075 3177 2158 3239 de
2215 3177 2389 3241 facto
2431 3177 2725 3260 contigit,

377 3300 527 3346 cum
549 3282 699 3345 Dux
721 3284 992 3349 Athesis
1021 3285 1337 3348 Pontinae
1379 3305 1523 3349 eam
1561 3283 1699 3366 jam
1723 3282 2010 3346 totaliter
2047 3283 2172 3345 sibi
2208 3291 2270 3345 et
2307 3283 2725 3365 'speutonicis
2837 3352 2864 3367 μ

384 3387 762 3471 subdiderit,
805 3390 975 3453 sicut
1020 3388 1107 3452 de
1145 3393 1414 3454 Bozano
1455 3390 1700 3454 dictum
1745 3398 1880 3470 est,
1917 3391 2078 3471 ,quia
2118 3388 2419 3450 Alemani
2471 3391 2539 3450 in
2581 3386 2726 3451 dies

381 3495 593 3575 magis
635 3501 700 3555 et
742 3494 955 3577 magis
996 3505 1512 3576 augmentantur.
1560 3492 1749 3571 Quae
1782 3501 1998 3556 autem
2032 3494 2120 3561 ait
2158 3510 2359 3557 causa
2393 3495 2724 3578 augmenti

376 3615 633 3680 eorum,
677 3597 851 3680 quod
895 3616 1018 3661 nos
1058 3601 1277 3681 potius
1319 3600 1677 3662 crescimus
1718 3601 1787 3660 in
1831 3600 2137 3680 regiones
2181 3597 2484 3681 aliorum,
2529 3614 2722 3682 qnam

376 3703 486 3768 alii
529 3711 831 3766 crescant
866 3705 937 3764 in
980 3705 1283 3786 regiones
1325 3712 1610 3785 nostras,
1635 3702 1848 3765 adhuc
1890 3721 2022 3766 non
2070 3701 2296 3765 didici=
2336 3705 2461 3766 nisi
2506 3704 2723 3767 dicere

372 3808 653 3873 velimus
690 3809 757 3871 in
801 3817 1015 3872 terrae
1061 3818 1327 3875 murae
1373 3809 1667 3873 ruborem
1690 3854 1712 3891 ,
1780 3807 1954 3891 quod
1995 3816 2264 3890 propter
2310 3808 2453 3891 ejus
2497 3809 2726 3872 defec-

376 3914 588 3977 tiones
630 3922 700 3976 et.
740 3914 1218 3997 steribilitates‚
1277 3917 1652 4000 quaerimus
1699 3915 1983 3996 alienas3
2042 3912 2152 3975 vel
2193 3925 2461 4000 propter
2504 3915 2723 3998 popuii

376 4018 759 4082 'l'heutouici
796 4020 1264 4105 crudefltatem,
1307 4021 1498 4104 cujus
1538 4023 1946 4085 vicinitatem
1983 4028 2049 4082 et
2089 4030 2507 4102 conspectum
2549 4018 2725 4083 nuth

374 4134 595 4208 potest
633 4126 958 4189 attinere
1011 4145 1214 4211 gens,
1275 4128 1398 4192 sed
1442 4127 1597 4191 daut
1663 4127 1881 4192 cuncti
1935 4128 2033 4189 eis
2071 4127 2339 4210 -louum,
2409 4125 2722 4189 cedentes

373 4230 785 4313 iracundi-0,
828 4249 1019 4315 quam
1079 4248 1285 4297 nemo*
1312 4234 1597 4297 tolerare
1640 4234 1839 4297 vaiet.
1928 4232 2034 4295 Ex
2091 4232 2394 4316 opposito
2435 4231 2723 4294 civitatis

376 4353 575 4420 super
614 4337 893 4402 Athesin
932 4339 1174 4404 habent
1217 4341 1454 4404 fratres
1516 4333 2032 4403 Praedicatores‘
2088 4344 2482 4401 conventum
2526 4333 2722 4396 vaide

377 4458 748 4524 amoenum,
816 4443 1264 4527 pulcherrimis
1339 4446 1569 4510 hortis·
1615 4434 2111 4511 circumdatum:
2195 4450 2265 4503 et
2342 4438 2574 4500 dicitur
2636 4437 2744 4517 ad,
