3242 5259
1568 302 1652 366 13

413 482 836 546 remittuntur.
876 481 1080 546 Prout
1121 467 1278 545 milii
1323 483 1450 564 ipsi
1493 483 1781 566 contigit.
1865 480 2040 548 Nam
2100 501 2142 547 a
2196 481 2447 549 duobus
2498 486 2773 572 Legatis

415 606 455 650 a
497 589 702 650 latere
741 589 810 649 in
852 586 1310 649 Alemanniam
1362 587 1588 649 missis
1653 585 1984 649 licentiam
2039 588 2231 672 petii,
2286 590 2397 675 qui
2449 589 2770 679 dixerunt,

415 692 741 754 neminem
784 689 1030 752 habere
1073 690 1468 773 facultatem,
1512 690 1677 754 nissi
1718 709 2037 753 summum
2087 710 2299 776 papae
2336 699 2770 778 poenitentia-

419 796 606 876 rium,
650 813 733 857 ex
772 794 1086 876 singulari
1133 796 1591 859 commissione
1636 794 1879 858 domini
1917 780 2174 877 Papae.
2245 797 2408 863 Ideo
2452 805 2768 886 magister

419 897 744 981 generalis
801 899 1044 962 ordinis
1117 901 1324 964 nostri
1408 899 1566 963 nulli
1643 899 1826 963 fratri
1899 899 2226 963 licentiam
2291 904 2765 991 Jerosolymam

418 1002 796 1085 (visitandi)
841 1005 1079 1089 tribuit,
1123 1006 1253 1068 nisi
1298 1008 1799 1090 praesupposita
1826 1022 2040 1088 papae
2079 1002 2362 1088 licentia,
2402 1010 2513 1072 vel
2547 1010 2766 1075 habita

412 1108 525 1171 vel
568 1108 897 1192 habenda3
964 1119 1154 1192 prout
1211 1120 1393 1193 patet
1430 1112 1504 1176 m
1557 1111 1780 1175 liberis
1835 1109 2409 1175 Testimonialibus
2461 1114 2624 1177 meis
2685 1115 2767 1179 de

412 1214 539 1276 hac
573 1214 1108 1296 peregrinatione.

579 1315 907 1395 Quantum
946 1320 1031 1384 ad
1071 1329 1390 1405 quartum,
1434 1318 1612 1404 quod
1655 1318 1991 1405 sequitur,
2033 1320 2164 1384 iam
2207 1319 2471 1403 dictum,
2514 1316 2770 1385 scilicet

411 1426 757 1513 aggressio
797 1425 1073 1491 actualis
1110 1426 1319 1508 ipsius
1364 1426 1922 1509 peregrinationis.
2018 1421 2209 1502 Quod
2252 1425 2572 1507 innuitur,
2622 1441 2768 1487 cum

412 1530 678 1593 dicitur:
721 1531 872 1593 Abi.
918 1529 1137 1611 Saepe
1164 1542 1446 1613 namque
1486 1530 1785 1613 contigit,
1813 1528 1989 1614 quod
2013 1530 2167 1614 quis
2199 1529 2417 1594 omnia
2436 1536 2770 1611 praetacta

410 1636 629 1717 habet,
672 1635 924 1698 scilicet
978 1636 1413 1718 propositum,
1459 1634 1821 1698 ordinatum
1875 1634 2185 1698 affectum
2203 1680 2224 1717 ,
2284 1635 2646 1716 licentiam,
2703 1641 2772 1696 et

413 1749 631 1801 tamen
640 1757 796 1821 ιιοιι
826 1739 1335 1822 progrediturad
1379 1739 1903 1822 pereginandum.
1950 1737 2080 1817 Qui
2127 1732 2504 1803 'considerat
2546 1735 2765 1821 operis

413 1843 842 1926 arduitatem,
920 1852 986 1905 et
1054 1844 1349 1927 pericula
1386 1845 1693 1927 ,marina‚
1735 1852 1815 1907 'et
1883 1844 2136 1907 viarum
2220 1843 2625 1927 discrimina,
2697 1849 2766 1904 et:

412 1949 801 2031 gravitatem
812 1914 1300 2053 expensarum,
1345 1958 1410 2011 et
1441 1948 1684 2045 ideipo
1728 1926 1904 2011 abire
1950 1949 2244 2033 negligit.
2351 1948 2556 2011 'l’ales
2607 1954 2762 2010 sunt

410 2053 673 2135 simileq
725 2032 891 2136 illi's,
952 2054 1063 2136 qui
1128 2072 1273 2118 cum
1344 2054 1724 2153 plurimum
1767 2052 2053 2118 audaces
2133 2061 2330 2136 suut,
2399 2059 2466 2114 et
2521 2069 2761 2134 magna

410 2165 848 2241 praesumunt,
892 2156 1013 2219 sed
1055 2157 1122 2219 in
1166 2160 1591 2241 aggressione
1636 2154 1988 2243 desistunt,
2003 2138 2601 2239 &icti-timiditate.
2659 2156 2764 2219 De

412 2263 541 2326 illis
579 2262 973 2326 Aristoteles
1014 2261 1077 2325 3.
1121 2262 1521 2348 Ethicorqm,
1558 2261 1750 2346 ‚quod
1795 2256 2078 2351 quid'am¹
2110 2271 2265 2325 sunt
2304 2262 2764 2363 praevolantes

412 2377 564 2431 ante
602 2367 859 2435 bellum.
936 2365 1179 2441 -Tal'em
1221 2358 1346 2451 eg'o
1388 2367 1547 2449 vidi,
1584 2368 1702 2469 gqi
1744 2384 1890 2451 cum
1924 2358 2218 2448 magnis.
2224 2366 2764 2431 sollicitudinibus

411 2475 684 2575 obtipprt
732 2468 1087 2552 licentiam,
1142 2479 1208 2532 et
1249 2472 1674 2552 congregavit
1717 2486 2040 2567 expensas
2059 2516 2102 2554 ,.
2115 2472 2204 2532 *et
2241 2471 2406 2540 fecit
2453 2472 2581 2536 sibi
2621 2470 2765 2537 fieri

408 2587 638 2640 vestes
698 2560 1164 2657 ρειοριιαίοε.
1252 2572 1399 2635 -Sed
1471 2573 1623 2637 dum
1639 2582 1938 2675 tempus
2000 2554 2430 2675 aggqgthendi
2472 2576 2762 2657 advenit,

412 2680 907 2746 formidulosus.
919 2662 1167 2759 resiliit,
1208 2677 1387 2740 vitae
1434 2678 1914 2742 enervationem
1969 2688 2037 2742 et
2095 2679 2334 2743 bursae
2383 2698 2545 2743 suae
2599 2699 2765 2743 eva-

413 2787 778 2851 cuationem
821 2782 1075 2845 timens.
1933 2828 1952 2853 .

578 2880 763 2953 Vidi
780 2891 976 2951 etiam
1020 2884 1373 2971 quosdam,
1417 2888 1532 2973 qui
1585 2902 1797 2972 usque
1852 2886 1936 2952 ad
1993 2907 2178 2953 mare
2231 2893 2588 2969 venerunt,
2645 2882 2768 2948 sed

410 2993 564 3057 dum
624 2991 859 3069 fretum
924 3001 1302 3076 cernerent,
1326 3002 1433 3081 ,et
1496 2992 1641 3076 ejus
1694 2993 1983 3077 pericula
2058 2964 2280 3058 ahditu
2339 2992 2765 3076 perciperent,

412 3096 762 3165 redierunt.
818 3086 981 3195 'E‘a
1004 3097 1181 3181 md
1222 3098 1499 3180 amplius
1542 3107 1664 3182 est,
1699 3098 1844 3193 viffi
1900 3097 2217 3182 quosdam
2239 3143 2262 3181 ,
2318 3097 2506 3180 quasi
2555 3098 2766 3178 usque

412 3202 497 3266 ad
558 3204 836 3267 medium
906 3206 1104 3267 maris
1161 3203 1509 3293 deducQs,
1569 3205 1700 3287 qui
1741 3204 1994 3285 fatigati
2059 3204 2260 3269 maris
2341 3199 2765 3265 incommodis

414 3307 758 3370 redierunt.
807 3308 897 3391 Hi
942 3309 1198 3390 egressi
1238 3307 1499 3391 quidem
1542 3318 1747 3392 erant,
1788 3308 1908 3370 sed
1952 3326 2085 3373 non
2125 3306 2400 3372 viriliter
2441 3302 2764 3389 aggressi,

412 3411 558 3475 ideo
599 3430 730 3475 ιιοιι
771 3413 1090 3481 abierunt.
1179 3411 1333 3476 Ideo
1378 3412 1642 3477 dicitur.
1689 3411 2048 3497 Egredere,
2083 3420 2149 3474 et
2191 3413 2316 3475 abi.

577 3515 903 3607 Quantum
926 3517 1009 3580 ad
1032 3519 1345 3600 quintum,
1368 3517 1450 3581 de
1471 3518 1661 3582 modo
1685 3518 1900 3581 debito
1931 3515 2387 3601 peregrinandi
2415 3511 2763 3596 servando,

412 3630 480 3684 et
528 3640 654 3705 qua
694 3625 807 3693 via
848 3632 1100 3707 pergat,
1139 3621 1547 3704 ostenditur,
1590 3640 1740 3685 cum
1803 3606 2243 3685 sfflnfertur.
2293 3620 2457 3683 Post
2483 3620 2766 3707 vestigia

409 3743 702 3809 gregum.
724 3726 1059 3810 Supplez·
1081 3727 1417 3809 egredere,
1465 3734 1532 3788 et
1560 3716 1698 3788 lbi.
1762 3726 1971 3790 Multo
2016 3727 2216 3789 euim
2234 3726 2449 3788 minus
2490 3724 2766 3806 reperiet

410 3834 794 3915 peregrinus
859 3835 933 3897 in
992 3842 1167 3895 terra
1224 3839 1489 3913 sancta,
1553 3848 1748 3914 quam
1822 3830 2133 3937 intemet.
2236 3829 2523 3894 Intendit
2593 3829 2765 3892 enim

411 3939 680 4021 evagari
714 3947 869 4020 post
909 3956 1154 4023 grffies
1195 3935 1515 4001 sodalium
1548 3933 1810 4000 Christi.
1856 3934 1992 4000 Sed
2014 3952 2150 4000 non
2188 3943 2461 4019 poterat.
2503 3933 2766 3997 Utinam

410 4056 562 4106 cum
603 4060 801 4126 pace·
815 4052 882 4106 et
924 4044 1145 4128 quiete
1202 4046 1356 4129 po&
1384 4039 1682 4141 vestigia
1741 4056 2016 4126 'egum
2066 4041 2388 4104 sineretur
2440 4037 2767 4107 incedere

406 4149 551 4211 Iam
613 4149 818 4233 enim,
875 4148 1041 4214 heu!
1108 4145 1255 4253 (Β).
1324 4164 1458 4211 ιιοιι
1521 4163 1880 4230 possumus
1937 4148 2125 4230 sequi
2179 4142 2441 4209 sodales
2498 4140 2768 4223 Christi,

412 4263 710 4337 pastores
754 4261 1039 4337 nostros,
1089 4270 1216 4317 nec
1257 4255 1433 4317 inter
1470 4269 1714 4337 greges
1776 4271 1997 4317 eorum
2050 4249 2356 4315 incedere
2374 4292 2397 4332 ,
2459 4245 2577 4310 sed
2621 4262 2812 4347 Q„

428 4358 660 4443 grandi
705 4357 1087 4426 difficultate
1127 4368 1196 4426 et
1234 4377 1384 4426 cum
1426 4356 1652 4425 timida
1692 4357 2088 4445 evagatione
2157 4351 2440 4434 vestigia
2496 4363 2770 4433 gregum
