3242 5259
91 2342 92 2357 ⁴
90 2222 95 2237 ο
90 2106 98 2146 ¹·-
90 2004 100 2041 Ὗ
90 1894 100 1935 -ν
90 1786 100 1831 -
90 1682 101 1725 “-
90 1568 102 1621 -·
90 1470 104 1515 -
90 1365 106 1421 ”-
90 1242 106 1301 -ἡ
90 1140 108 1197 -.
91 1036 108 1090 -Λ
90 926 110 986 -ι
90 818 106 880 -ο
90 732 110 775 -
90 622 114 667 -
90 517 114 563 -

1451 337 1587 427 4⁴5.

287 528 292 532 ’
342 524 449 584 De
504 520 631 583 hoc
670 517 828 587 dicit
870 518 1298 597 Ambrosius:
1342 521 1540 601 sicut,
1581 536 1622 582 o
1682 517 1917 601 Maria,
1966 518 2144 601 quis-
2196 518 2403 585 nobis
2440 527 2686 606 -posset

347 641 587 688 arcana
628 621 846 686 cordis
889 623 983 686 tui
1029 640 1322 687 reserare
1342 668 1363 705 ‚
1420 641 1564 686 cum
1630 623 1806 705 bunc
1850 620 2158 685 adorares
2201 630 2419 684 natum
2450 630 2684 705 .tuum,

343 738 413 791 ut
457 728 668 791 Deum
710 736 914 811 tuum,
975 737 1038 790 et
1077 727 1211 790 illic
1267 728 1678 808 osculnm-is,
1740 734 1814 789 ut
1858 722 2111 788 filium?
2168 726 2374 789 Porro
2428 727 2495 789 in
2537 727 2683 810 ipso

341 832 476 897 filio
516 848 640 894 suo
685 831 902 895 statim
959 812 1098 893 tria*
1135 830 1420 914 agnovit.
1502 832 1554 893 1.
1619 830 2029 894 Felicitatem
2087 838 2155 892 et
2215 826 2680 915 beatitudinem

342 938 599 1001 animae
640 935 783 1019 ejus
799 942 846 1018 ,⁸
881 944 950 998 et
988 933 1458 998 indesinentem
1498 932 1761 999 divinae
1817 936 2145 997 essentiae
2187 935 2681 1018 contemplatio-

339 1024 526 1123 n'em'3
572 1049 638 1103 et
676 1040 801 1103 hoc
843 1039 1149 1127 cognovit
1176 1041 1276 1101 'ex
1318 1037 1592 1121 gaudio,
1661 1038 1745 1100 ad
1799 1038 1971 1122 quod
2025 1040 2185 1122 ipsa.
2224 1046 2411 1121 rapta
2468 1039 2721 1105 metat*

339 1146 408 1208 in
462 1144 605 1227 ejus
659 1143 1013 1207 nativitate.
1083 1144 1184 1233 ⁴11.
1231 1140 1592 1225 Cognovit,
1635 1143 1764 1205 ima
1808 1143 2080 1206 summis
2124 1160 2274 1206 esse
2311 1142 2679 1226 conjuncta,

341 1257 685 1339 etUpacem
729 1247 1042 1311 redditam
1104 1246 1280 1311 inter'
1312 1246 1524 1310 Deum
1568 1253 1639 1308 et
1679 1245 2000 1309 hominem
2024 1266 2061 1329 3,
2104 1256 2170 1309 et
2226 1247 2349 1310 hoc
2390 1249 2680 1331 percepit

341 1372 427 1418 ex
458 1363 658 1417 cantu
699 1360 768 1416 et
810 1352 1056 1445 laetitia
1102 1351 1496 1436 angelomm.
1583 1351 1697 1412 111.
1740 1349 2075 1413 Intellexit
2109 1349 2223 1414 filii
2263 1351 2681 1414 suiamaris-

343 1460 573 1522 simam
619 1459 988 1541 passionom
1046 1467 1114 1520 et
1179 1465 1447 1535 mortem
1492 1454 1806 1536 futuram3
1864 1463 1932 1517 et
1977 1454 2102 1518 hoc
2146 1474 2228 1518 ex
2270 1455 2429 1518 fletu
2473 1457 2674 1538 pueri.

340 1562 445 1626 Ex
485 1564 692 1650 primo
732 1562 877 1645 ipsa
916 1561 1142 1625 habuit
1183 1560 1536 1627 beneficum
1573 1559 1903 1647 gaudium,
1948 1578 2032 1621 ex
2053 1557 2341 1622 secundo
2372 1559 2679 1622 laetitiam

342 1666 700 1749 mirificam,
744 1684 828 1729 ex
869 1666 1059 1728 tertio
1095 1683 1251 1729 vero
1296 1666 1809 1747 compassionem
1854 1671 1920 1724 et
1960 1676 2258 1747 magnam
2320 1663 2675 1728 tristitiam.

343 1772 430 1832 Et
472 1769 747 1833 credunt
781 1767 1048 1852 Sancti,
1102 1767 1276 1853 quod
1334 1768 1873 1852 quandocumque
1913 1784 2077 1849 puer
2139 1766 2342 1851 flevit,
2402 1775 2495 1835 et
2533 1768 2681 1848 ipsa

346 1874 671 1958 lacrymas
712 1871 865 1936 inde
909 1871 1089 1936 rudit.
1173 1872 1363 1938 Unde
1390 1871 1807 1938 Bernhardus
1855 1872 1921 1934 in
1943 1887 2218 1954 persona
2258 1871 2551 1954 Virginis
2578 1870 2678 1943 sic

340 1996 609 2061 puerum
632 1978 891 2040 flentem
934 1977 1279 2061 alloquitur
1292 1974 1317 2047 ε’
1352 1978 1727 2043 dulcissime
1775 1975 1891 2058 fili,
1922 1974 2056 2038 noli
2081 1973 2263 2057 flere,
2306 1976 2367 2039 si
2387 1974 2678 2038 exterius

343 2082 635 2165 frigescit
677 2091 790 2144 tua
851 2082 1125 2147 infantia
1165 2083 1516 2166 corporalis
1536 2127 1557 2164 ‚
1595 2083 1725 2149 ·in
1759 2080 2075 2144 charitate
2128 2087 2345 2169 tamen
2406 2078 2678 2141 calescit

342 2195 574 2251 sancta
633 2202 824 2249 mens
881 2196 947 2250 et
1015 2188 1252 2250 omnia.
1340 2186 1527 2252 Unde
1570 2193 1639 2249 et
1684 2192 1791 2266 tu,
1849 2184 1943 2247 mi
2004 2184 2129 2266 mi,
2195 2183 2348 2265 quia
2403 2180 2678 2264 angelus

345 2289 612 2357 Gabriel
634 2290 925 2373 promisit
946 2291 1118 2373 mibi,
1154 2299 1225 2354 te
1245 2300 1659 2375 regnaturum
1691 2291 1758 2352 in
1790 2287 1978 2351 domo
1996 2287 2206 2351 Jacob
2228 2288 2295 2347 in
2324 2294 2676 2371 aeternum,
2772 2316 2778 2322 -

343 2372 510 2458 noli·
521 2411 708 2477 ergo·
720 2395 899 2463 flere.
984 2376 1092 2458 An
1138 2395 1308 2459 forte
1331 2393 1550 2476 ploras
1577 2392 1898 2457 miseriam
1929 2389 2314 2455 conditionis
2335 2391 2676 2470 humanae,

345 2499 454 2562 vel
497 2498 664 2561 forte
702 2498 988 2562 suturam
1029 2507 1206 2561 tuam
1249 2495 1574 2569 mortem?
1619 2496 1728 2559 An
1772 2497 1940 2559 forte
1980 2495 2234 2579 ploratu
2275 2505 2385 2559 tuo
2421 2513 2676 2559 annun-

344 2605 472 2667 tias
510 2603 666 2667 mihi
706 2602 1034 2693 planctum
1076 2621 1289 2677 meum
1332 2602 1401 2665 in
1443 2604 1854 2685 separatione
1896 2619 1938 2662 a
1978 2598 2101 2664 te?
2159 2601 2247 2663 Et
2305 2608 2552 2665 tantum
2593 2598 2678 2662 de
2774 2647 2778 2651 <

344 2706 477 2770 illo.
561 2706 797 2789 Nimis,
843 2707 1071 2789 fateor,
1129 2714 1452 2790 evagatus
1509 2724 1655 2769 sum
1698 2713 1883 2769 extra
1937 2705 2372 2788 propositum,
2427 2703 2547 2767 sed
2591 2702 2677 2779 da

344 2811 626 2893 veniam,
664 2811 945 2873 humane
983 2810 1220 2894 lector,
1269 2812 1424 2893 quia
1470 2811 1595 2874 hoc
1639 2819 1704 2872 te
1738 2811 1910 2875 scire
1950 2809 2138 2892 volo,
2180 2807 2354 2891 quod
2394 2825 2525 2871 non
2574 2814 2677 2870 est

345 2909 530 2979 locus
564 2917 634 2976 in
677 2922 813 2975 tota
853 2921 1029 2977 terra
1069 2924 1325 3000 sancta,
1370 2916 1475 2979 cui
1518 2915 1732 2998 magis
1768 2914 2046 2979 affectus
2087 2915 2248 2996 sim,
2315 2921 2381 2976 et
2421 2914 2491 2983 in
2547 2928 2676 2994 quo

346 3017 569 3087 divina
628 3017 842 3099 pietas
902 3018 1311 3082 manifestius
1375 3037 1452 3083 se
1509 3018 1858 3102 peregrino
1912 3018 2061 3101 (B)
2121 3015 2368 3083 offerat.
2462 3015 2675 3083 Nemo

342 3123 516 3187 enim
558 3120 722 3185 adeo
766 3120 964 3186 durus
1008 3131 1074 3185 et
1104 3124 1279 3185 iners
1313 3142 1465 3187 esse
1489 3132 1724 3207 potest,
1769 3123 1880 3205 qui
1915 3126 2081 3187 sein
2113 3123 2240 3185 hoc
2265 3120 2676 3187 sanctissimo

323 3226 489 3309 3loco
529 3227 749 3290 valeat
802 3244 843 3289 a
909 3225 1207 3289 dulcibus
1250 3229 1584 3291 continere
1626 3228 1964 3310 lacrymis,
2022 3228 2172 3289 nam
2214 3232 2279 3287 et
2337 3224 2468 3307 ipsi
2522 3242 2677 3305 per-

346 3330 647 3394 ditissimi
689 3338 758 3391 et
820 3329 1178 3412 blasphemi
1219 3328 1567 3394 Sarraceni
1584 3376 1608 3415 ,
1652 3331 1803 3394 dum
1846 3330 1975 3393 huc
2016 3329 2368 3410 accedunt,
2421 3327 2678 3390 abunde

341 3434 668 3516 lacrymas
723 3432 996 3496 fundunt
1018 3478 1040 3516 ,
1097 3435 1253 3517 quia
1308 3435 1484 3498 circa
1545 3417 1759 3498 locum
1804 3432 1981 3497 illum
2024 3434 2302 3516 quodam
2365 3429 2677 3511 singulari

341 3537 534 3602 modo
577 3539 822 3620 rapitur
862 3536 1338 3600 advenientium
1383 3555 1571 3601 mens
1614 3539 1683 3613 in
1721 3536 2159 3603 dulcissimam
2205 3545 2270 3599 et
2304 3534 2673 3597 inusitatam

346 3640 804 3723 devotionem,
891 3649 958 3702 et
1018 3640 1513 3705 sensibilitatem
1598 3641 1857 3715 confert
1940 3641 2125 3707 100118
2186 3637 2299 3701 ille
2373 3637 2675 3705 virtutem

343 3745 667 3831 quandam
711 3744 1011 3813 devotius
1050 3760 1128 3806 se
1174 3743 1453 3808 habendi
1491 3745 1707 3808 locato
1750 3752 1878 3813 etc.

407 3989 527 4066 De
565 3986 963 4092 ‘praesepio
1008 3986 1338 4078 Domini,
1388 3997 1466 4062 et
1517 3986 1729 4085 quale
1785 3985 1926 4078 sit,
1976 3994 2053 4059 et
2104 3984 2320 4083 quale
2368 3979 2608 4063 suerit.

511 4167 896 4231 Nativitatis
955 4166 1314 4231 dominicae
1378 4168 1525 4232 loco
1581 4173 1899 4231 venerato
1951 4166 2389 4231 convertimus
2430 4166 2678 4247 nos2ad

347 4269 791 4336 dulcissimum
829 4271 1091 4336 Domini
1134 4289 1467 4356 praesepe,
1506 4270 1682 4354 quod
1725 4270 1809 4334 ad
1852 4270 1983 4334 VII
2023 4288 2264 4354 passus
2307 4282 2413 4336 est
2451 4289 2497 4333 a
2534 4272 2678 4335 loco

347 4373 698 4454 praedicto.
778 4376 869 4438 Et
912 4394 1058 4441 cum
1100 4380 1517 4442 venissemus
1547 4374 1645 4438 .ad
1685 4392 2005 4458 praesepe
2034 4374 2216 4457 illud,
2259 4374 2680 4441 devotissime
