3242 5259
1440 336 1570 409 418

343 518 658 602 naturali,
700 537 788 583 ex
824 519 1086 602 propria
1123 515 1446 583 industria
1508 518 1819 600 veniens,
1866 534 2065 605 qnam
2125 519 2427 606 designat
2469 522 2681 588 oleum

343 626 413 689 in
454 642 538 687 ea
576 639 886 688 crescens
897 666 921 706 ,
989 619 1166 706 quod
1208 630 1312 686 eat
1363 623 1823 687 nutrimentum
1886 621 2190 688 luminum
2210 670 2230 709 ,
2299 637 2369 691 et
2408 630 2686 695 seientia

345 727 863 813 experimentali,
905 744 1076 813 quae
1115 727 1184 790 in
1220 725 1632 810 lampadibus
1674 725 2097 792 ecclesiarum
2142 729 2539 814 designatur.

510 833 629 899 IV.
673 833 956 897 Ratione
1013 831 1344 913 torrentis,
1410 831 1480 894 in
1544 848 1736 916 qnam
1800 832 2242 896 immunditiae
2290 854 2534 901 ‘omnes
2599 835 2684 903 de

346 939 613 1004 civitate
655 937 930 1001 eductae
989 934 1443 1019 projiciuntur,
1496 944 1564 998 et
1602 936 1673 998 in
1716 953 1796 1000 eo
1859 947 2325 1002 consumuntur
2364 948 2431 1002 et
2472 940 2682 1005 dedu-

346 1052 612 1110 cuntur:
660 1049 732 1107 nt
771 1049 952 1127 patet
1002 1039 1110 1106 sol.
1135 1039 1276 1104 150.
1322 1039 1438 1102 Sic
1477 1040 1687 1103 om'nis
1728 1040 1948 1104 mundi
1989 1042 2389 1107 immunditia
2412 1049 2683 1129 sapien-

348 1151 444 1213 tia
487 1146 1004 1233 praedicatorum
1046 1143 1326 1228 tollitur,
1373 1144 1574 1213 Prov,
1636 1145 1746 1209 18:
1831 1144 2050 1231 aliqua
2102 1147 2418 1230 profunda
2477 1151 2682 1214 verba

343 1271 428 1317 ex
469 1272 582 1317 ore
622 1252 772 1334 viri,
815 1256 886 1312 et
926 1257 1180 1314 torrens
1221 1247 1590 1321 redundans
1634 1236 1781 1313 fons
1814 1252 2196 1333 sapientiae.
2238 1251 2446 1317 Sacra
2486 1256 2679 1319 etiam

345 1358 687 1442 Scriptura
727 1364 984 1421 torrens
997 1352 1417 1437 redundans,
1459 1352 1543 1417 de
1587 1370 1715 1436 quo
1757 1353 1951 1418 debet
1991 1355 2402 1438 praedicator
2436 1359 2676 1443 bibere,

336 1462 532 1546 juxta
570 1454 731 1526 illud
795 1460 1074 1527 Psalmi:
1157 1457 1240 1521 de
1303 1466 1587 1522 torrente
1641 1459 1710 1520 in
1771 1459 1881 1523 via
1945 1460 2122 1525 bibet
2163 1470 2287 1527 etc.
2361 1470 2429 1527 et
2484 1462 2677 1531 illudt

342 1576 633 1633 torrente
672 1565 1025 1648 voluptatis
1065 1564 1322 1646 potabis
1363 1550 1490 1627 eos‘
1521 1572 1649 1625 etc.

505 1672 593 1736 V.
635 1670 915 1737 Ratione
977 1667 1346 1752 cedrorum,
1423 1670 1536 1751 qui
1595 1667 1781 1752 juxta
1845 1676 2192 1733 torrentem
2269 1662 2672 1736 crcs'ccbant.

344 1774 541 1841 Codri
602 1778 774 1839 enim
830 1791 1089 1856 semper
1147 1772 1393 1855 virent,
1457 1771 1681 1837 celsae
1763 1782 1918 1837 aunt
1989 1783 2058 1838 et
2119 1775 2364 1840 babent
2427 1774 2677 1859 lignum

338 1881 778 1964 imputribile..
836 1878 955 1943 Sic
994 1876 1399 1961 praedJ'cator
1450 1877 1649 1941 habet
1688 1880 1971 1943 virorem
2029 1882 2352 1945 eastitatis
2367 1925 2389 1964 ,
2456 1880 2678 1944 altitu-

342 1986 559 2051 dinem
614 1983 1049 2072 paupertatis,
1114 1991 1181 2045 et
1244 1981 1813 2065 imputribilitatem
1875 1984 2281 2049 obedientiae
2338 1986 2406 2049 in
2471 1987 2678 2049 tribus

342 2094 537 2156 votis.
1862 2122 1877 2147 κ

507 2196 629 2263 vl.
664 2192 949 2265 Ratione
988 2195 1156 2258 situs
1196 2193 1323 2257 loci
1360 2193 1660 2276 congruit
1680 2192 2250 2276 praedicatoribus.
2338 2196 2465 2259 Est
2504 2196 2677 2260 enim

342 2296 527 2362 locus
567 2298 636 2360 in
674 2296 879 2382 valle,
922 2307 1010 2371 ct,
1029 2308 1216 2362 extra
1256 2298 1624 2383 civitatem,
1668 2307 1737 2361 et
1778 2318 1981 2385 prope
2022 2300 2267 2364 urbem.
2325 2298 2441 2362 Sic
2482 2318 2677 2382 prae-

343 2402 662 2468 dicatores
723 2416 982 2486 semper
1040 2402 1280 2467 debent
1335 2422 1597 2467 manere
1652 2405 1721 2467 in
1779 2404 1956 2481 valle
2019 2403 2433 2488 humilitatis,
2491 2412 2679 2469 extra

342 2508 563 2572 mundi
617 2507 990 2591 tumultum,
1071 2524 1274 2591 prope
1315 2507 1612 2572 homines
1628 2553 1652 2592 ,
1730 2526 1900 2594 quos
1959 2510 2181 2581 uerbis
2224 2516 2293 2571 et
2356 2509 2676 2594 exemplis

343 2611 730 2677 aedificent..
747 2642 778 2673 a

421 2744 430 2751 *
509 2716 658 2780 vn.
706 2714 993 2779 Ratione
1047 2717 1439 2801 asperitatis.
1527 2718 1652 2783 Est
1695 2719 1867 2783 enim
1936 2717 2124 2789 locus
2181 2716 2295 2781 ille
2336 2717 2404 2781 in
2448 2718 2681 2802 petris,

341 2821 544 2887 durus
588 2828 657 2884 et
699 2824 910 2903 asper.
954 2819 1070 2889 Sic
1112 2823 1253 2884 vita
1292 2821 1761 2907 praedicatoris
1793 2823 1987 2887 debet
2030 2840 2182 2888 esse
2221 2823 2289 2886 in
2326 2825 2677 2907 asperitate

340 2937 411 2992 et
451 2927 742 3011 corporis
782 2926 1246 3011 castigatione,
1290 2936 1364 2991 nt
1404 2929 1475 2989 in
1517 2930 1903 2993 servitutem
1944 2927 2308 3012 redigatur,
2347 2945 2435 2990 ne
2485 2928 2691 3019 forte,

338 3051 485 3098 oum
520 3032 669 3096 aliis
705 3028 1242 3127 praedicaverint,
1283 3032 1411 3117 ipsi
1451 3034 1707 3117 reprobi
1748 3028 2142 3118 habeantur,
2184 3041 2259 3096 ut
2300 3032 2457 3129 tecit
2472 3033 2678 3117 ‘Apo-

336 3137 548 3201 stolus
589 3137 644 3200 1.
692 3134 843 3200 Cor.
884 3134 948 3196 9.

499 3241 679 3305 vm.
718 3239 940 3303 Locus
983 3247 1086 3303 est
1128 3239 1476 3324 solitarius,
1519 3241 1738 3308 studio
1781 3252 1848 3307 et
1892 3242 2423 3328 contemplationi
2464 3252 2675 3330 aptus,

338 3361 509 3429 quac
548 3347 943 3409 conveniunt
995 3343 1429 3431 praedicatori
1487 3349 1654 3413 bono
1714 3358 1781 3414 et
1834 3346 2012 3433 utili,
2082 3357 2148 3423 et
2204 3367 2335 3413 non
2400 3350 2566 3411 bene
2606 3351 2676 3412 in

337 3449 646 3513 tumultu.
658 3458 953 3532 aguntur.
991 3486 1000 3493 -
1289 3496 1300 3505 .
1419 3510 1422 3513 .

501 3554 616 3617 lx.
659 3552 882 3618 Locus
916 3561 1022 3617 est
1051 3554 1215 3619 satis
1257 3563 1477 3620 arctus
1515 3564 1585 3621 et
1622 3556 1929 3642 strictus,
1971 3557 2327 3641 designans
2368 3565 2671 3641 mentem,

337 3657 888 3742 recollectionem,
928 3666 994 3722 et
1037 3676 1368 3724 recessum
1414 3660 1497 3727 ab
1541 3664 2040 3746 evagationibus
2080 3662 2303 3733 variis.

501 3762 588 3827 X.
630 3763 876 3828 meus·
892 3774 996 3829 est
1035 3768 1368 3849 proximus
1427 3767 1636 3833 monti
1684 3766 1943 3850 oliveti,
2005 3766 2205 3841 monti
2271 3763 2675 3859 offensionis,

332 3876 404 3932 et
451 3869 655 3933 monti
708 3868 925 3954 Syon,
988 3880 1054 3937 et
1109 3871 1268 3934 valli
1326 3871 1646 3956 Hannon,
1708 3879 1777 3934 et
1837 3889 1996 3955 agro
2064 3870 2500 3937 Akeldamah.
2592 3874 2673 3959 In

333 3974 570 4056 quibua
612 3983 869 4038 notatur
910 3975 1180 4039 materia
1213 3975 1671 4060 praedicanda,
1696 3984 1771 4047 nt
1809 3975 2140 4060 praedicet
2182 3977 2293 4041 vcl
2327 3977 2412 4042 de
2452 3986 2674 4065 monte

333 4078 589 4163 olivati,
657 4079 742 4145 de
796 4078 1179 4161 virtutibus3
1246 4077 1333 4143 de
1407 4091 1626 4146 monte
1689 4079 2106 4167 offensionis,
2171 4081 2257 4147 de
2313 4083 2530 4167 vitiis;
2588 4081 2673 4147 de

329 4182 776 4268 Akeldamab,
840 4183 924 4248 de
978 4194 1216 4269 morte3
1283 4184 1396 4250 vel
1460 4186 1542 4250 de
1591 4187 1769 4250 valle
1824 4189 2140 4273 Hennou,
2217 4186 2301 4252 de
2355 4188 2673 4253 Gebenna

336 4294 639 4352 aeternae
679 4288 1131 4357 damnationis.
1220 4290 1351 4357 Vel
1393 4290 1587 4356 debet
1629 4291 2007 4375 praedicare
2048 4292 2373 4359 montibus
2416 4301 2484 4357 et
2521 4291 2670 4373 νὼ

336 4387 544 4473 libna,
585 4392 711 4456 hoc
751 4403 876 4478 cst,
915 4395 1324 4479 sapientibus
1366 4404 1436 4460 et
1476 4397 1935 4482 insipientibus
1980 4396 2231 4462 debitor
2267 4414 2420 4462 ease
2455 4396 2670 4482 debet,
