3242 5259
1466 373 1591 439 2⁶1

364 576 483 654 De
525 578 717 671 loce,
746 578 820 653 in
858 599 999 677 quo
1060 577 1273 654 latuit
1297 556 1567 658 petrus
1609 590 1781 683 post
1810 588 2088 656 ternam
2122 578 2704 679 abnegatIOnem.

533 757 1005 824 Descendimus
1061 769 1539 846 consequenter
1602 760 1686 824 de
1727 761 1902 825 dicto
1945 759 2091 824 loco
2154 770 2379 825 contra
2440 760 2705 845 vallem,

366 871 433 925 et
475 860 555 925 ad
596 872 843 946 petram
901 866 1221 950 quandam
1267 874 1549 931 erectam
1612 868 1934 930 venimus.
2018 865 2158 928 Sub
2205 867 2331 929 hac
2386 876 2569 949 petra
2629 866 2699 930 S.

364 966 602 1031 Petrus
645 969 816 1034 sedit
881 971 1085 1053 flens,
1150 990 1452 1036 moerens
1510 978 1580 1034 et
1614 972 1991 1055 poenitens,
2061 970 2325 1054 quando
2388 971 2471 1033 de
2515 971 2706 1035 domo

367 1070 660 1155 Caiphae
709 1082 861 1157 post
901 1084 1146 1139 ternam
1189 1076 1607 1161 negationem
1653 1076 1994 1159 abscessit,
2020 1082 2091 1138 et
2134 1077 2242 1140 hic
2265 1075 2708 1159 indulgentias

366 1195 617 1259 poenae
658 1186 728 1241 et
771 1180 1003 1264 eulpae
1054 1185 1431 1265 promeruit.
1515 1184 1589 1245 In
1646 1181 1772 1244 boc
1831 1183 1975 1245 loco
2050 1180 2240 1245 dictis
2304 1181 2708 1244 erationibus

363 1284 782 1367 praescriptis
789 1285 1114 1368 plenarias
1127 1287 1566 1370 indulgentias
1586 1286 2138 1369 accepimus(††).
2160 1286 2481 1351 Dominus
2500 1286 2705 1350 Jesus

363 1389 431 1451 in
474 1388 592 1452 die'
620 1408 782 1454 suae
825 1394 1319 1457 resurrectionis
1381 1395 1443 1457 b.
1473 1393 1674 1456 Petro
1714 1393 1824 1456 hic
1863 1394 2181 1476 apparuit,
2225 1410 2503 1476 eumque
2544 1410 2709 1455 con-

366 1495 615 1559 solatus
656 1506 778 1561 est.
865 1495 1036 1560 Olim
1078 1500 1263 1562 stetit
1304 1498 1577 1582 pulchra
1617 1507 1682 1561 et
1728 1515 1964 1580 magna
2009 1497 2292 1561 ecelesia
2331 1498 2472 1580 hic,
2535 1516 2707 1581 quae

366 1599 698 1665 dicebatur
738 1600 818 1665 ad
865 1601 1306 1666 Gallicantum
1321 1648 1343 1687 ,
1387 1602 1509 1668 sed
1550 1620 1726 1665 nunc
1763 1612 1866 1666 est
1907 1602 2190 1666 totaliter
2244 1611 2463 1685 eruta,
2516 1602 2708 1684 adeo,

371 1704 546 1789 quod
605 1704 750 1787 ejus
795 1725 924 1771 nou
983 1717 1297 1791 apparent
1337 1706 1643 1789 vestigia.
1751 1704 1886 1769 Sed
1930 1715 1999 1769 et
2041 1708 2181 1790 ipsa
2253 1716 2470 1789 petra,
2542 1729 2706 1793 quun

371 1810 523 1876 olim
568 1821 708 1875 erat
749 1829 987 1894 magna
1034 1820 1102 1875 et
1143 1820 1409 1895 cavata,
1450 1814 1519 1875 in
1562 1811 1755 1894 cujus
1808 1829 2093 1875 caverna
2133 1813 2201 1873 S.
2253 1813 2490 1873 Petrus
2538 1813 2706 1875 sedit

375 1919 583 2000 flens,
624 1918 693 1978 in
737 1916 880 1979 dies
923 1916 1277 2001 decrescit,
1320 1926 1387 1980 et
1426 1935 1629 2000 parva
1670 1932 1866 1999 rupes
1908 1934 2081 1980 nunc
2141 1929 2277 1997 ost,
2325 1921 2474 2001 quia
2516 1941 2710 2001 pere-

368 2022 540 2105 grini
582 2022 938 2105 particulas
979 2021 1065 2085 de
1105 2041 1187 2086 ea
1226 2021 1615 2086 descindunt
1657 2029 1727 2083 et
1769 2020 2125 2105 deportant,
2173 2025 2277 2085 Ad
2321 2025 2486 2085 latus
2534 2025 2706 2085 illins

370 2136 594 2211 petrae
660 2127 842 2190 venit
894 2147 1012 2211 per
1066 2129 1297 2192 canale
1373 2147 1537 2212 aqua
1592 2126 1677 2190 de
1738 2128 2061 2190 montanis
2117 2129 2381 2189 Hebron
2450 2129 2710 2193 inducta

370 2229 744 2296 mirabiliter
783 2234 854 2294 in
905 2234 1239 2297 civitatem
1281 2231 1685 2313 Jerusalem,
1722 2230 1806 2293 de
1848 2249 1977 2314 qua
2018 2229 2221 2293 dicum
2277 2233 2385 2297 fol.
2434 2237 2582 2297 249.
2626 2237 2706 2297 A.

369 2337 448 2402 B.
536 2335 681 2401 Stat
746 2339 944 2401 etiam
1008 2338 1097 2401 ibi
1174 2336 1498 2421 profunda
1566 2336 1858 2399 cisterna
1913 2354 2029 2417 pro
2093 2353 2261 2417 aqna
2337 2337 2706 2401 haurienda.

371 2440 621 2528 Credo,
690 2443 861 2527 quod
929 2440 1191 2526 quando
1245 2442 1332 2506 ibi
1386 2449 1529 2505 erat
1594 2441 1909 2523 ecclesia,
1982 2441 2153 2522 quod
2217 2453 2450 2525 crypta
2516 2441 2714 2505 fuerit

371 2566 655 2613 caverna
696 2548 871 2611 illius
921 2547 1263 2610 cisternae.

491 2783 611 2859 De
658 2782 860 2874 1000,
913 2784 985 2857 in
1036 2806 1175 2884 quo
1226 2785 1362 2861 fuit
1414 2783 1669 2860 domus
1722 2786 2023 2874 Annae,
2065 2785 2265 2887 primi
2313 2781 2590 2881 judicia

1271 2903 1563 2981 Domini
1606 2903 1820 2981 Jesu.

536 3073 719 3139 lacco
757 3072 870 3137 illo
911 3080 1255 3156 perspecto
1295 3074 1367 3136 in
1407 3090 1723 3154 processu
1765 3075 2121 3137 avertimus
2169 3093 2289 3137 nos
2325 3093 2361 3133 a
2405 3073 2598 3153 valle,
2642 3081 2706 3133 nt

374 3187 619 3262 partem
663 3179 919 3261 montis,
961 3196 1080 3262 per
1120 3195 1309 3260 quam
1354 3177 1843 3262 descendimus,
1886 3179 2113 3242 iterum
2161 3177 2710 3257 readscnndimns,

374 3301 503 3348 non
545 3293 761 3348 tamen
805 3283 1033 3347 eadem
1074 3287 1222 3367 via,
1264 3284 1385 3348 sed
1427 3292 1659 3348 contra
1698 3284 2027 3348 civitatem
2089 3293 2373 3349 sanetum
2421 3285 2714 3345 declina-

375 3389 626 3471 vimus,
696 3386 869 3453 inter
909 3390 1131 3453 ruinas
1185 3388 1539 3453 domorum.
1624 3388 1733 3452 Ad
1795 3389 2117 3473 quandam
2181 3401 2389 3449 nutem
2454 3389 2706 3449 dominu

376 3496 675 3557 venimus
736 3492 1003 3558 firmiter
1054 3494 1461 3577 conclusam,
1525 3496 1749 3577 ibique
1789 3496 2125 3578 pulsantes
2168 3494 2710 3558 intromissionem

376 3598 801 3681 obtinuimus,
868 3605 939 3662 et
996 3598 1077 3661 ab
1141 3600 1318 3663 intus
1370 3599 1706 3682 pulchram
1770 3601 2117 3663 ecclesiam
2185 3600 2586 3680 invenimus,
2632 3598 2735 3685 in«

375 3703 620 3766 bonore
692 3711 1065 3767 sanctorum
1110 3702 1512 3786 Angelorum
1576 3711 2057 3786 consecratam,
2121 3702 2295 3766 unde
2364 3706 2556 3766 etiam
2629 3698 2739 3768 ad·

373 3815 640 3871 unctos
683 3807 980 3891 Angelos
1023 3807 1278 3873 dieitur.
1360 3810 1450 3871 Et
1492 3808 1671 3871 circa
1712 3807 2056 3871 ecclesia-
2099 3817 2283 3871 erant
2327 3807 2601 3872 cellulae
2644 3813 2722 3896 et

372 3912 730 3998 domicilia,
772 3914 840 3977 in
881 3914 1117 3997 quibus
1160 3913 1460 3976 habitant
1506 3912 1797 3996 religiosi
1839 3911 1922 3975 de
1970 3913 2302 3997 Armenia,
2347 3913 2728 3978 Christiani*

374 4017 755 4101 orientales,
829 4019 1123 4082 homines
1201 4017 1368 4102 nigri
1410 4025 1477 4083 et
1540 4018 1795 4082 maturi.
1898 4021 2083 4081 Haec
2138 4017 2366 4083 domus
2427 4028 2716 4102 tempore

374 4124 703 4204 passionis
747 4133 886 4187 erat
923 4123 1102 4187 curia
1139 4122 1375 4188 Annae
1415 4125 1763 4209 pontificis,
1786 4124 1871 4188 ad
1896 4142 2104 4207 quem
2145 4124 2352 4206 primo
2394 4125 2717 4192 Dominus

375 4225 581 4291 Jesus
619 4228 742 4292 fuit
785 4228 1017 4293 ductus
1074 4228 1156 4294 de
1196 4230 1382 4294 horto
1408 4276 1429 4308 ‚
1470 4231 1538 4294 in
1579 4248 1709 4311 quo
1763 4230 2176 4316 captusfuit.
2220 4228 2323 4291 De
2362 4228 2490 4291 hac
2525 4223 2714 4292 domo

375 4341 441 4395 et
482 4331 853 4397 inductione
870 4335 1129 4399 Domini
1169 4334 1335 4397 Jesu
1376 4334 1648 4399 babetur
1676 4334 1852 4399 clare
1890 4334 2175 4399 Jchann.
2224 4334 2348 4415 18„
2392 4330 2711 4416 quomode

375 4435 609 4502 Annas
659 4440 954 4522 pontifex
1017 4458 1163 4503 eum
1226 4440 1607 4523 despective
1688 4441 2044 4526 interrogat
2138 4439 2222 4503 de
2283 4437 2595 4501 doctrina·
2649 4429 2716 4499 et
