3242 5259
1510 356 1641 428 128

405 543 601 612 etiam
636 559 774 607 nos-
803 540 889 606 ad
931 539 1399 626 quiescendum
1439 542 1791 627 paululum,
1824 553 1893 606 et
1933 562 2148 630 usque
2177 545 2261 610 ad
2301 544 2541 612 claram
2583 546 2754 612 diem

403 647 858 729 dormivimus,
895 645 1194 728 jacentes
1237 647 1427 730 Juxta
1474 646 1727 711 bestias
1765 658 2035 714 nostras
2073 652 2141 712 in
2186 660 2380 719 terra.

572 751 910 816 vicesima
948 760 1159 833 sexta,
1225 770 1396 836 quae
1438 761 1541 815 est
1583 751 1974 817 Sanctorum
2018 755 2382 839 Martyrum
2430 756 2751 821 Johannis

406 865 474 919 et
511 855 729 940 Pauli,
770 854 922 920 dum
964 858 1499 940 surrexissemus,
1546 859 1937 941 rogavimus
1989 856 2316 925 Graecum
2357 860 2557 945 illum,
2599 871 2752 927 ante

403 960 593 1044 cujus
636 961 894 1025 domum
932 962 1319 1046 quievimus,
1346 971 1420 1025 ut
1461 962 1544 1025 de
1570 963 1742 1027 bono
1782 962 2067 1047 prandio
2108 963 2295 1028 nobis
2315 966 2751 1049 provisionem

402 1066 682 1149 faceret,
726 1068 878 1150 quia
911 1066 1120 1149 jejuni
1161 1067 1481 1131 vellemus
1523 1065 1607 1130 de
1649 1077 1868 1132 monte
1934 1067 2019 1132 ad
2075 1087 2223 1133 eum
2265 1074 2526 1135 roverti.
2604 1070 2751 1135 As-

399 1172 619 1234 censis
662 1189 818 1255 ergo
862 1173 1090 1235 bestiis
1144 1171 1616 1257 processimus,
1660 1183 1942 1239 montem
1985 1183 2286 1239 sanctum
2332 1195 2499 1260 prae
2543 1175 2749 1241 oculis

398 1276 777 1361 habuimus,
819 1278 1159 1342 horrentes
1201 1277 1671 1363 quodammodo
1713 1277 1861 1361 ejus
1904 1279 2375 1345 celsitudinem.
2462 1282 2539 1344 In
2580 1280 2749 1365 pede

399 1392 617 1452 autem
656 1383 865 1466 ipsius
905 1384 1144 1448 montis
1184 1384 1483 1447 venimus
1525 1385 1595 1445 in
1643 1384 1885 1449 vallem
1944 1384 2324 1452 deliciosam
2340 1430 2361 1469 ,
2404 1404 2522 1469 per
2557 1385 2748 1468 cujus

398 1487 680 1551 medium
723 1486 1104 1552 decurrebat
1145 1506 1315 1572 aqua
1370 1487 1564 1572 clara,
1609 1487 1817 1553 dulcis
1888 1499 1955 1554 et
2021 1491 2215 1575 viva,
2287 1489 2476 1572 cujus
2516 1490 2747 1555 alveus

399 1593 666 1657 floribus
706 1592 1155 1676 pulcherrimis
1196 1593 1382 1656 nobis
1412 1594 1806 1678 incongnitis
1848 1604 1916 1659 et
1958 1595 2265 1680 virgultis
2309 1594 2745 1660 redolentibus

401 1706 544 1772 erat
582 1696 838 1781 plenus.
918 1698 1168 1762 Multae
1209 1700 1404 1761 etiam
1459 1700 1725 1763 arbores
1768 1699 2001 1784 plenae
2053 1701 2271 1766 eorobi
2310 1700 2399 1763 ibi
2461 1700 2743 1789 stabant,

400 1800 576 1886 quod
616 1801 988 1866 saeculares
1049 1803 1382 1867 nominant
1455 1822 1691 1888 panem
1755 1804 1984 1868 Sancti
2024 1805 2377 1889 Johannis3
2421 1823 2539 1889 per
2574 1799 2746 1870 hane

397 1905 637 1972 vallem
688 1906 1098 1971 ascendimus
1140 1908 1205 1971 in
1248 1925 1486 1992 magno
1542 1910 1920 1994 refrigerio,
1982 1914 2138 1994 quia
2195 1910 2331 1995 sol,
2396 1910 2549 1975 licet
2600 1910 2741 1988 suis

401 2011 732 2074 ardoribus
780 2010 917 2094 jam
967 2021 1221 2077 montes
1275 2012 1343 2076 in
1405 2015 1683 2079 circuitu
1738 2014 2158 2100 incenderet,
2222 2033 2347 2081 nos
2401 2024 2617 2080 tamen
2671 2017 2741 2080 in

399 2116 572 2180 valle
637 2114 921 2182 nondum
981 2126 1253 2201 tangere
1315 2127 1587 2202 poterat.
1709 2118 2006 2183 Tandem
2078 2129 2296 2185 autem
2354 2119 2437 2183 ad
2500 2120 2739 2206 clivum

397 2222 811 2305 praecipitem
853 2223 1088 2286 montis
1130 2220 1542 2306 devenimus,
1601 2242 1722 2306 per
1762 2224 1936 2307 quod
1983 2226 2048 2286 in
2090 2224 2327 2290 bestiis
2383 2224 2741 2289 ascendere

398 2334 674 2390 montem
714 2346 843 2391 non
884 2335 1291 2410 poteramus,
1336 2336 1400 2391 et
1438 2327 1585 2390 ideo
1631 2329 1880 2391 bestias
1923 2330 2263 2393 arboribus
2306 2328 2740 2413 alligavimus,

399 2439 465 2494 et
499 2429 775 2516 pedibus
817 2439 1229 2494 transeuntes
1266 2429 1681 2494 ascendimus
1714 2448 1861 2495 cum
1898 2432 2133 2515 grandi
2169 2433 2392 2497 labore
2418 2441 2485 2497 et
2519 2432 2738 2498 multis

396 2534 760 2600 sudoribus.
804 2535 930 2598 Est
969 2535 1138 2598 enim
1169 2552 1358 2599 mons
1399 2534 1570 2598 altus
1614 2544 1682 2598 et
1720 2538 2141 2621 praecipitem
2184 2538 2435 2602 habens
2478 2539 2736 2618 clivum,

398 2649 464 2704 et
505 2659 625 2723 per
664 2641 883 2702 omnia
923 2638 1158 2701 dicitur
1183 2656 1335 2702 esse
1375 2638 1609 2703 similis
1643 2644 1845 2704 monti
1868 2641 2126 2705 'l'habor
2171 2645 2242 2706 in
2277 2651 2448 2706 terra
2489 2652 2738 2726 sancta,

396 2747 466 2808 in
507 2761 637 2827 quo
675 2743 996 2807 Dominus
1036 2744 1537 2827 transfiguratus
1569 2744 1731 2828 fuit3
1774 2746 1903 2809 hoc
1945 2745 2172 2810 audivi
2215 2766 2258 2810 a
2298 2746 2598 2829 quodam,
2627 2748 2740 2831 qui

393 2859 739 2932 utrumque
799 2848 1116 2918 ascendit.
1201 2848 1499 2933 Cumque
1562 2851 2003 2914 summitatem
2064 2849 2208 2932 ejus
2271 2850 2739 2937 attigissemus,

398 2963 554 3019 ante
593 2954 940 3019 ecclesiam
999 2956 1469 3038 prostravimus
1526 2972 1649 3018 nos
1702 2957 1774 3017 in
1817 2955 2142 3039 oratione,
2199 2964 2266 3021 et
2328 2954 2741 3021 consedimus

397 3057 481 3122 ad
590 3076 851 3141 auram,
946 3067 1290 3142 antequam
1395 3058 1743 3123 ecclesiam
1845 3058 2099 3143 ingredi
2220 3059 2574 3145 vellemus,
2667 3071 2742 3125 ut

395 3165 691 3247 spiritum
752 3180 1262 3246 resumeremus,
1345 3172 1412 3226 et
1475 3163 1751 3227 sudores
1777 3208 1800 3248 ,
1881 3166 2127 3248 quibus
2194 3165 2372 3249 pleni
2453 3183 2739 3252 eramus,

394 3278 918 3352 extergeremus,
981 3277 1044 3332 et
1085 3268 1377 3332 incensio
1432 3275 1656 3331 nostra
1720 3276 2104 3353 tepesceret.
2190 3269 2343 3350 Quo
2400 3272 2572 3336 facto
2614 3289 2741 3355 ego

394 3374 673 3438 celerius
730 3392 834 3436 me
898 3372 1291 3457 expedIens,
1359 3379 1434 3435 ut
1496 3370 1741 3436 decens
1803 3374 1933 3438 fuit
1952 3420 1972 3458 ,
2049 3374 2393 3440 ecclesiam
2470 3378 2739 3459 intravi,

395 3488 464 3543 et
534 3497 903 3562 campanam
972 3481 1062 3542 ihi
1142 3477 1534 3564 pendentem
1599 3477 1895 3562 pulsavi,
1962 3486 2036 3542 ut
2104 3479 2406 3545 aedituus
2470 3479 2741 3544 audiens

395 3584 748 3648 adveniret.
834 3582 1071 3646 Statim
1114 3584 1300 3647 venit
1355 3599 1527 3645 unus
1589 3581 1868 3647 clericus
1931 3583 2169 3648 latinae
2224 3586 2485 3669 linguae
2548 3587 2740 3668 igna-

394 3706 540 3772 rus,
614 3693 684 3751 et
748 3688 1021 3771 protulit
1094 3687 1295 3752 libros
1354 3688 1850 3751 vetustissimos
1917 3686 2073 3769 (8¹7
2106 3688 2215 3771 A)
2292 3689 2528 3754 latinos
2589 3708 2738 3754 cum

394 3794 540 3858 aliis
581 3795 979 3877 paramentis
1008 3791 1090 3857 ad
1109 3791 1403 3856 Missam.
1456 3790 1987 3876 compulsatione
2015 3801 2231 3859 autem
2269 3795 2438 3858 facta
2463 3796 2737 3860 Missam

391 3898 523 3983 legi
569 3896 655 3961 de
691 3904 920 3962 sancta
958 3916 1188 3982 cruces
1217 3905 1306 3960 et
1347 3896 1656 3961 collectas
1691 3900 1907 3981 recepi
1951 3897 2036 3962 de
2065 3901 2315 3964 sanctis
2346 3900 2740 3984 martyribus

391 4003 692 4068 Johanne
734 4008 804 4066 et
837 4001 1066 4089 Paulo,
1110 4008 1181 4067 et
1215 4002 1297 4067 de
1335 4004 1467 4066 iter
1509 4004 1877 4086 agentibus.
1924 4002 2145 4068 Finita
2184 4004 2396 4069 Missa
2436 4004 2608 4070 verti
2635 4021 2742 4067 me

392 4107 473 4172 ad
513 4109 734 4174 socios
775 4114 846 4171 et
886 4108 1123 4174 fratres
1164 4126 1365 4193 meos,
1391 4114 1462 4170 et
1503 4108 2020 4174 exhortationem
2064 4112 2163 4175 eis
2205 4111 2356 4196 feei,
2393 4128 2515 4194 pro
2546 4108 2741 4191 digua

394 4221 461 4277 et
481 4213 719 4280 ‚debita
759 4215 1181 4280 veneratione
1240 4215 1491 4298 crucis,
1543 4221 1613 4277 et
1655 4214 1790 4280 dixi
1833 4213 2257 4280 differentiam
2307 4214 2483 4279 illius
2525 4213 2742 4287 crucis

393 4317 584 4381 nobis
625 4318 1071 4385 ostendendae
1091 4326 1416 4404 ‚respectu
1451 4320 1811 4385 dominicae
1849 4322 2088 4406 crucis,
2108 4326 2180 4385 et
2221 4317 2736 4385 convenientiam

379 4440 613 4492 ‚earum
687 4425 758 4489 in
839 4426 1074 4511 aliquo.
1192 4427 1522 4491 Hortatus
1598 4428 1793 4492 etiam
1872 4427 1965 4491 fui
1979 4472 2002 4511 ‚
2076 4443 2163 4490 ne
2228 4423 2421 4489 nimis
2499 4419 2742 4486 curiosi
