3242 5259
1444 309 1568 375 15⁷

327 491 826 554 reintraverunt.
870 490 1074 555 Porro
1127 508 1252 575 ego
1292 502 1441 554 cum
1464 491 1850 576 quibusdam
1885 496 2206 561 nobilibus
2248 499 2458 561 mansi
2497 508 2681 563 extra

327 597 402 660 in
444 596 712 679 litore,a
732 594 967 678 quibus
993 614 1139 661 cum
1167 595 1483 660 industria
1504 617 1609 661 me
1630 601 1944 684 subtraxi,
1979 611 2044 664 et
2082 603 2148 664 in
2181 612 2459 670 montem
2502 593 2684 667 solus

327 699 603 763 ascendi
621 698 702 762 ad
745 701 1418 786 circumspiciendum,
1473 712 1540 766 et
1560 703 1700 767 vidi
1741 723 1872 768 non
1893 705 2091 789 longe
2139 724 2181 769 a
2213 726 2319 770 me
2360 709 2682 789 quendam

323 809 399 870 in
440 805 665 869 habitu
684 804 930 869 ordinis
972 806 1484 891 praedicatorum
1506 817 1891 892 currentem,
1914 813 2019 873 cui
2046 830 2200 874 mox
2223 812 2291 873 in
2334 830 2678 876 occursum

325 911 677 995 properavi
720 929 930 994 eoque
967 911 1247 976 salutato
1287 913 1705 997 interrogavi,
1745 913 1921 977 unde
1960 925 2140 978 esset
2177 925 2289 980 aut
2352 935 2479 999 quo
2520 928 2677 1001 per-'-

327 1024 521 1100 geret
539 1060 562 1099 ,
579 1002 722 1079 'sed
765 1034 1012 1099 pauper
1053 1016 1165 1081 ille
1224 1017 1423 1082 frater
1481 1018 1638 1082 nihil
1703 1035 1956 1109 mecum
2025 1019 2204 1104 loqui
2264 1022 2495 1104 scivit,
2553 1040 2679 1085 uec

327 1121 624 1202 latinum,
697 1138 822 1182 nec
863 1121 1149 1185 italicum
1203 1141 1329 1186 nec
1382 1123 1821 1202 theutonicum
1831 1169 1860 1215 ,
1919 1126 2070 1208 quia
2131 1143 2333 1208 purus
2375 1126 2678 1191 Dalmata

325 1227 479 1290 sive
515 1224 799 1288 Sclavus
842 1235 1001 1310 erat,
1045 1235 1112 1289 et
1153 1229 1451 1291 transivit
1474 1226 1558 1290 ad
1596 1217 1875 1311 galeam,
1920 1238 1993 1292 ut
2032 1229 2451 1299 mendicaret.
2548 1230 2675 1295 Di-

326 1333 536 1396 misso
578 1349 657 1394 eo
697 1331 996 1414 quaesivi
1036 1332 1190 1395 mihi
1229 1331 1444 1397 locum
1483 1334 1864 1397 umbrosum
1907 1342 1974 1396 et
2006 1343 2250 1417 aptum,
2293 1336 2359 1397 in
2403 1354 2534 1419 quo
2574 1355 2680 1400 me

326 1435 708 1501 mundarem
752 1454 795 1497 a
832 1438 1160 1500 vermibus
1202 1445 1333 1501 tam
1383 1438 1548 1501 albis
1596 1455 1792 1522 quam
1832 1439 2072 1521 nigris:
2117 1449 2184 1502 et
2224 1443 2490 1504 invento
2536 1440 2679 1505 loco

327 1541 595 1624 rejectis
653 1541 951 1604 vestibus
1016 1545 1242 1605 venari
1298 1543 1500 1625 coepi.
1584 1541 1721 1605 Sed
1780 1562 1884 1606 me
1939 1545 2039 1606 sic
2095 1545 2432 1610 laborante
2491 1548 2678 1610 sensi

326 1647 402 1708 in
426 1646 720 1710 cruribus
761 1663 1064 1728 magnam
1107 1645 1575 1711 multitudinem
1617 1647 1902 1731 pulicum
1921 1665 2268 1731 parvorum
2310 1660 2376 1715 et
2417 1656 2676 1715 maere-'-

330 1771 510 1834 rum,
567 1752 778 1834 reperi
837 1752 1029 1815 etiam
1078 1753 1470 1817 vestimenta
1523 1751 1773 1835 repleta
1811 1753 2165 1838 pulicibus3
2231 1765 2494 1840 propter
2551 1756 2677 1820 lioc

328 1866 602 1921 coactus
648 1855 740 1918 fui
782 1855 993 1920 nudus
1036 1854 1229 1918 alium
1269 1856 1483 1921 locum
1527 1874 1893 1942 quaerere,
1952 1868 2020 1922 et
2076 1878 2181 1924 me
2246 1869 2378 1930 tam
2423 1863 2502 1925 ab
2545 1861 2690 1926 illis

328 1963 563 2026 alienis
605 1979 798 2045 quam
851 1978 893 2022 a
948 1958 1115 2022 meis
1179 1960 1507 2026 mundare.
1589 1960 1781 2027 Unde
1851 1973 2066 2028 autem
2130 1965 2226 2029 illi
2278 1966 2530 2049 pulices
2594 1963 2679 2027 ad

328 2068 546 2133 lecum
586 2067 764 2131 illum
807 2065 1134 2129 desertum
1174 2067 1502 2151 venerint,
1544 2066 1792 2151 ignoro.
1835 2067 2091 2133 Deinde
2135 2069 2217 2133 ad
2274 2089 2454 2136 mare
2517 2065 2678 2133 des-

330 2172 547 2252 cendi,
593 2183 656 2236 et
678 2172 1000 2256 quendam
1022 2170 1344 2255 galeotam
1388 2175 1618 2257 reperi,
1660 2184 2031 2256 carpentem
2057 2175 2344 2261 herbam,
2387 2193 2555 2259 quae
2595 2173 2678 2237 de

329 2278 583 2343 rimulis
642 2287 965 2359 petrarum
1035 2278 1396 2360 excrescit,
1463 2297 1658 2362 quam
1719 2278 1881 2341 dixit
1957 2289 2110 2342 esse
2164 2300 2284 2364 pro
2345 2279 2674 2343 salutucio

330 2383 832 2468 sapidissimam,
876 2392 942 2446 et
984 2382 1144 2446 dixit
1186 2382 1359 2466 quod
1401 2386 1842 2446 nominaretur
1872 2383 2193 2467 porcella.'
2215 2385 2302 2448 Et
2343 2394 2483 2448 erat
2523 2382 2676 2447 boni

330 2490 589 2571 saporis
630 2488 810 2551 salsa
852 2496 917 2551 et
981 2497 1248 2552 acetosa
1302 2490 1474 2551 sicut
1532 2490 1937 2574 nasturtium,
1982 2490 2287 2573 pinguior
2349 2499 2565 2553 tamen
2638 2507 2678 2552 e

329 2594 846 2657 substantiosior.
931 2595 1019 2656 Et
1072 2593 1351 2656 mirabar
1393 2592 1724 2675 quomodo
1742 2603 1875 2661 tam
1915 2595 2086 2677 bona
2126 2595 2329 2658 herba
2372 2613 2674 2659 crescere

331 2708 586 2783 poterat
620 2699 702 2762 de
744 2699 947 2783 petris
1001 2699 1144 2762 sale
1200 2697 1518 2779 respersis
1544 2743 1566 2782 ,
1635 2700 1788 2785 quia
1841 2707 2041 2769 totum
2095 2699 2294 2763 maris
2347 2698 2501 2760 litus
2570 2707 2676 2762 est.

334 2803 483 2866 sale
531 2821 931 2889 respersum,
1000 2802 1174 2888 quod
1227 2803 1561 2886 contingit,
1606 2801 1759 2866 dum
1814 2803 1883 2865 in
1904 2803 2427 2886 tempestatibus
2501 2820 2677 2885 aqua

336 2910 535 2974 maris
574 2927 772 2993 supra
813 2918 1032 2993 petras
1074 2907 1344 2991 ejicitur,
1384 2915 1450 2969 et
1492 2915 1639 2989 post
1689 2907 1790 2970 sol
1828 2905 2183 2990 splendens
2242 2925 2389 2972 eam
2442 2924 2676 2990 aquam

334 3018 404 3078 in
457 3014 559 3077 sal
612 3013 944 3098 decoquit,
1013 3022 1078 3077 et
1134 3012 1236 3075 sal
1315 3011 1692 3075 naturaliter
1758 3013 2044 3077 sterilem
2123 3012 2332 3077 reddit
2386 3011 2670 3075 humum.

335 3122 520 3182 Haec
576 3127 791 3183 autem
854 3119 1056 3183 herba
1107 3127 1335 3182 contra
1386 3119 1669 3182 omnium
1737 3127 2035 3183 naturam
2086 3136 2173 3182 ex
2234 3118 2376 3181 sale
2417 3117 2674 3181 crescit.

335 3221 593 3307 Collegi
635 3241 793 3307 ergo
835 3222 918 3286 de
957 3240 1039 3286 ea
1079 3221 1164 3285 ad
1233 3224 1618 3306 portandum
1682 3225 1753 3287 in
1801 3222 2079 3307 galeam.
2178 3226 2414 3306 Repeti
2483 3226 2675 3286 ctiam

333 3345 548 3392 ramos
590 3327 673 3391 de
714 3329 1113 3392 nobilissimo
1152 3346 1323 3412 agno
1386 3337 1610 3414 casto,
1679 3327 1762 3391 de
1814 3330 2049 3413 quibus
2105 3334 2354 3410 accepi,
2414 3342 2483 3390 ut
2535 3330 2675 3410 ejus

331 3432 533 3497 odore
574 3434 884 3496 faetorem
924 3435 1115 3497 navis
1151 3433 1527 3516 repellerem
1570 3452 1612 3496 a
1652 3435 1884 3498 cumba
1914 3453 2078 3500 mea.
2122 3433 2226 3498 De
2274 3438 2398 3498 hac
2443 3436 2667 3514 planta

335 3537 495 3604 vide
551 3538 628 3600 P.
671 3537 753 3601 l}
810 3537 918 3601 sol.
978 3537 1118 3602 189.
1179 3538 1386 3622 plura.
1489 3536 1593 3599 De
1636 3556 1717 3600 ea
1776 3539 2109 3605 naturales
2166 3550 2230 3602 ct
2294 3542 2671 3622 pracsertim

334 3643 497 3707 dicit
536 3641 682 3723 (B)
723 3640 1034 3706 Albertus
1070 3643 1186 3706 VI.
1274 3642 1594 3725 Vegetab.
1617 3642 1836 3712 Tract.
1885 3645 2050 3707 1.··c.
2077 3643 2170 3726 5.,
2218 3642 2386 3722 quod
2414 3646 2675 3702 arbusta

331 3748 447 3810 illa
486 3765 698 3830 agnus
741 3757 966 3811 castus
1008 3755 1113 3811 est
1154 3755 1392 3810 vocata
1416 3790 1438 3829 ,
1507 3766 1586 3811 eo
1632 3747 1804 3830 quod
1864 3748 2010 3831 ejus
2047 3732 2310 3814 'succus
2376 3747 2568 3813 flores
2612 3754 2680 3815 et

335 3853 491 3918 folia
529 3863 685 3917 sunt
726 3851 1023 3917 efficacia
1061 3851 1427 3916 inducendo
1473 3854 1843 3916 castitatem
1867 3897 1888 3936 ,
1947 3853 2102 3936 quia
2161 3870 2284 3916 sua
2327 3852 2678 3915 'caliditate

332 3958 624 4023 desiccat
664 3960 952 4023 humoris
991 3957 1325 4023 seminalis
1380 3957 1715 4022 materiam
1762 3966 1829 4021 et
1869 3958 2328 4022 ventositatem
2369 3957 2680 4039 genitalia

334 4062 418 4127 ad
437 4063 765 4127 libidinem
783 4062 1276 4135 extendentem„
1301 4063 1553 4127 Idcirco
1580 4061 1820 4128 Graeci
1845 4063 2181 4145 sapientes
2224 4064 2394 4128 hauc
2415 4063 2678 4127 herbam

332 4170 402 4231 in
445 4168 807 4232 dominibus
857 4167 998 4232 suis
1051 4168 1381 4233 substerni
1441 4170 1737 4233 fecerunt
1754 4211 1775 4252 ,
1843 4177 1917 4231 ut
1968 4168 2289 4233 castitatis
2349 4169 2554 4237 honor
2613 4168 2681 4230 in

335 4276 911 4351 matroniseorum
956 4274 1249 4358 polleret.
1291 4276 1375 4337 Et
1396 4273 1522 4338 hoc
1542 4275 1751 4339 fuisse
1776 4273 2230 4367 documentum
2250 4275 2681 4360 Pythagorae,

337 4380 493 4460 quia
538 4380 706 4445 haec
779 4379 1005 4462 planta
1045 4379 1211 4443 solet
1252 4380 1574 4446 hominem
1623 4381 1844 4445 mitem
1885 4391 1951 4446 et
1987 4392 2278 4477 castum,
2337 4388 2408 4442 ut
2445 4394 2684 4461 agnum
