<?xml version="1.0" encoding="UTF-8"?>
<!DOCTYPE html PUBLIC "-//W3C//DTD XHTML 1.0 Transitional//EN"
    "http://www.w3.org/TR/xhtml1/DTD/xhtml1-transitional.dtd">
<html xmlns="http://www.w3.org/1999/xhtml" xml:lang="en" lang="en">
 <head>
  <title>
</title>
<meta http-equiv="Content-Type" content="text/html;charset=utf-8" />
  <meta name='ocr-system' content='tesseract 3.04.00' />
  <meta name='ocr-capabilities' content='ocr_page ocr_carea ocr_par ocr_line ocrx_word'/>
</head>
<body>
  <div class='ocr_page' id='page_1' title='image "./fratrisfelicisf00unkngoog_0351.png"; bbox 0 0 3242 5259; ppageno 0'>
   <div class='ocr_carea' id='block_1_1' title="bbox 379 520 2744 4502">
    <p class='ocr_par' dir='ltr' id='par_1_1' title="bbox 379 520 2744 3458">
     <span class='ocr_line' id='line_1_1' title="bbox 379 520 2744 627; baseline 0.002 -25"><span class='ocrx_word' id='word_1_1' title='bbox 379 537 805 620; x_wconf 74' lang='lat' dir='ltr'><strong>sicut-turris,</strong></span> <span class='ocrx_word' id='word_1_2' title='bbox 846 554 995 602; x_wconf 82' lang='lat' dir='ltr'><strong>cum</strong></span> <span class='ocrx_word' id='word_1_3' title='bbox 1035 528 1392 624; x_wconf 80' lang='lat' dir='ltr'><strong>duplicatis</strong></span> <span class='ocrx_word' id='word_1_4' title='bbox 1433 539 1769 605; x_wconf 80' lang='lat' dir='ltr'><strong>columnia</strong></span> <span class='ocrx_word' id='word_1_5' title='bbox 1811 557 1958 626; x_wconf 84' lang='lat' dir='ltr'><strong>sex,</strong></span> <span class='ocrx_word' id='word_1_6' title='bbox 2000 538 2338 607; x_wconf 69' lang='lat' dir='ltr'><strong>habentes</strong></span> <span class='ocrx_word' id='word_1_7' title='bbox 2392 520 2465 607; x_wconf 70' lang='lat' dir='ltr'><strong>ni</strong></span> <span class='ocrx_word' id='word_1_8' title='bbox 2514 541 2744 627; x_wconf 72' lang='lat' dir='ltr'><strong>altitu-</strong></span> 
     </span>
     <span class='ocr_line' id='line_1_2' title="bbox 381 643 2744 733; baseline 0.001 -25"><span class='ocrx_word' id='word_1_9' title='bbox 381 643 536 708; x_wconf 89' lang='lat' dir='ltr'><strong>dine</strong></span> <span class='ocrx_word' id='word_1_10' title='bbox 575 644 640 707; x_wconf 87' lang='lat'><strong>11</strong></span> <span class='ocrx_word' id='word_1_11' title='bbox 681 643 978 726; x_wconf 61' lang='lat' dir='ltr'><strong>cubitos:</strong></span> <span class='ocrx_word' id='word_1_12' title='bbox 998 645 1116 728; x_wconf 74' lang='lat' dir='ltr'><strong>qui</strong></span> <span class='ocrx_word' id='word_1_13' title='bbox 1150 652 1528 709; x_wconf 71' lang='lat' dir='ltr'><strong>sustentant</strong></span> <span class='ocrx_word' id='word_1_14' title='bbox 1568 645 1822 709; x_wconf 88' lang='lat' dir='ltr'><strong>culmen</strong></span> <span class='ocrx_word' id='word_1_15' title='bbox 1865 646 2301 732; x_wconf 85' lang='lat' dir='ltr'><strong>tabernaculi,</strong></span> <span class='ocrx_word' id='word_1_16' title='bbox 2333 648 2504 733; x_wconf 90' lang='lat' dir='ltr'><strong>quod</strong></span> <span class='ocrx_word' id='word_1_17' title='bbox 2546 647 2744 713; x_wconf 72' lang='lat' dir='ltr'><strong>habet</strong></span> 
     </span>
     <span class='ocr_line' id='line_1_3' title="bbox 384 747 2744 849; baseline 0.002 -37"><span class='ocrx_word' id='word_1_18' title='bbox 384 749 457 812; x_wconf 89' lang='lat' dir='ltr'><strong>in</strong></span> <span class='ocrx_word' id='word_1_19' title='bbox 508 747 850 812; x_wconf 79' lang='lat' dir='ltr'><strong>altitudine</strong></span> <span class='ocrx_word' id='word_1_20' title='bbox 912 764 1112 812; x_wconf 90' lang='lat' dir='ltr'><strong>unum</strong></span> <span class='ocrx_word' id='word_1_21' title='bbox 1161 750 1472 813; x_wconf 81' lang='lat' dir='ltr'><strong>cubitum.</strong></span> <span class='ocrx_word' id='word_1_22' title='bbox 1556 750 1624 813; x_wconf 78' lang='lat' dir='ltr'>A</span> <span class='ocrx_word' id='word_1_23' title='bbox 1672 769 1978 836; x_wconf 88' lang='lat' dir='ltr'><strong>supremo</strong></span> <span class='ocrx_word' id='word_1_24' title='bbox 2037 769 2197 814; x_wconf 82' lang='lat' dir='ltr'><strong>vero</strong></span> <span class='ocrx_word' id='word_1_25' title='bbox 2257 753 2515 818; x_wconf 90' lang='lat' dir='ltr'><strong>culmen</strong></span> <span class='ocrx_word' id='word_1_26' title='bbox 2567 752 2744 849; x_wconf 54' lang='lat' dir='ltr'><strong>issiu·-</strong></span> 
     </span>
     <span class='ocr_line' id='line_1_4' title="bbox 382 853 2742 941; baseline 0.003 -25"><span class='ocrx_word' id='word_1_27' title='bbox 382 853 787 917; x_wconf 82' lang='lat' dir='ltr'><strong>taheruaculi</strong></span> <span class='ocrx_word' id='word_1_28' title='bbox 831 853 1261 918; x_wconf 87' lang='lat' dir='ltr'><strong>mensurando</strong></span> <span class='ocrx_word' id='word_1_29' title='bbox 1301 872 1420 937; x_wconf 86' lang='lat' dir='ltr'><strong>per</strong></span> <span class='ocrx_word' id='word_1_30' title='bbox 1447 873 1664 920; x_wconf 86' lang='lat' dir='ltr'><strong>aerem</strong></span> <span class='ocrx_word' id='word_1_31' title='bbox 1706 873 1965 920; x_wconf 86' lang='lat' dir='ltr'><strong>sursum</strong></span> <span class='ocrx_word' id='word_1_32' title='bbox 2007 872 2220 941; x_wconf 82' lang='lat' dir='ltr'><strong>nsque</strong></span> <span class='ocrx_word' id='word_1_33' title='bbox 2253 855 2335 920; x_wconf 85' lang='lat' dir='ltr'><strong>ad</strong></span> <span class='ocrx_word' id='word_1_34' title='bbox 2378 866 2742 941; x_wconf 83' lang='lat' dir='ltr'><strong>aperturam</strong></span> 
     </span>
     <span class='ocr_line' id='line_1_5' title="bbox 383 942 2741 1045; baseline 0.002 -25"><span class='ocrx_word' id='word_1_35' title='bbox 383 958 564 1041; x_wconf 83' lang='lat' dir='ltr'><strong>tecti,</strong></span> <span class='ocrx_word' id='word_1_36' title='bbox 604 957 783 1042; x_wconf 86' lang='lat' dir='ltr'><strong>quod</strong></span> <span class='ocrx_word' id='word_1_37' title='bbox 825 942 1040 1041; x_wconf 51' lang='lat' dir='ltr'><strong>snpra*</strong></span> <span class='ocrx_word' id='word_1_38' title='bbox 1063 967 1544 1024; x_wconf 86' lang='lat' dir='ltr'><strong>monumentum</strong></span> <span class='ocrx_word' id='word_1_39' title='bbox 1585 967 1792 1044; x_wconf 84' lang='lat' dir='ltr'><strong>patet,</strong></span> <span class='ocrx_word' id='word_1_40' title='bbox 1834 979 1953 1045; x_wconf 89' lang='lat' dir='ltr'><strong>per</strong></span> <span class='ocrx_word' id='word_1_41' title='bbox 1988 978 2182 1044; x_wconf 85' lang='lat' dir='ltr'><strong>quam</strong></span> <span class='ocrx_word' id='word_1_42' title='bbox 2227 961 2351 1025; x_wconf 83' lang='lat' dir='ltr'><strong>lux</strong></span> <span class='ocrx_word' id='word_1_43' title='bbox 2411 964 2482 1022; x_wconf 90' lang='lat' dir='ltr'><strong>in</strong></span> <span class='ocrx_word' id='word_1_44' title='bbox 2526 970 2741 1045; x_wconf 88' lang='lat' dir='ltr'><strong>temp-</strong></span> 
     </span>
     <span class='ocr_line' id='line_1_6' title="bbox 384 1060 2742 1150; baseline 0.002 -27"><span class='ocrx_word' id='word_1_45' title='bbox 384 1060 519 1125; x_wconf 79' lang='lat' dir='ltr'><strong>lum</strong></span> <span class='ocrx_word' id='word_1_46' title='bbox 562 1062 786 1146; x_wconf 80' lang='lat' dir='ltr'><strong>intrat,</strong></span> <span class='ocrx_word' id='word_1_47' title='bbox 827 1070 986 1127; x_wconf 82' lang='lat' dir='ltr'><strong>sunt</strong></span> <span class='ocrx_word' id='word_1_48' title='bbox 1028 1063 1196 1127; x_wconf 74' lang='lat' dir='ltr'><strong>forte</strong></span> <span class='ocrx_word' id='word_1_49' title='bbox 1236 1064 1336 1128; x_wconf 87' lang='lat' dir='ltr'><strong>Vl</strong></span> <span class='ocrx_word' id='word_1_50' title='bbox 1372 1062 1593 1149; x_wconf 80' lang='lat' dir='ltr'><strong>cubiti,</strong></span> <span class='ocrx_word' id='word_1_51' title='bbox 1639 1074 1706 1129; x_wconf 87' lang='lat' dir='ltr'><strong>et</strong></span> <span class='ocrx_word' id='word_1_52' title='bbox 1745 1065 1858 1130; x_wconf 88' lang='lat' dir='ltr'><strong>illa</strong></span> <span class='ocrx_word' id='word_1_53' title='bbox 1920 1074 2217 1150; x_wconf 72' lang='lat' dir='ltr'><strong>apertura</strong></span> <span class='ocrx_word' id='word_1_54' title='bbox 2266 1074 2370 1130; x_wconf 89' lang='lat' dir='ltr'><strong>est</strong></span> <span class='ocrx_word' id='word_1_55' title='bbox 2450 1065 2742 1148; x_wconf 84' lang='lat' dir='ltr'><strong>rotunda,</strong></span> 
     </span>
     <span class='ocr_line' id='line_1_7' title="bbox 381 1165 2743 1255; baseline 0.002 -26"><span class='ocrx_word' id='word_1_56' title='bbox 381 1172 455 1229; x_wconf 75' lang='lat' dir='ltr'><strong>ct</strong></span> <span class='ocrx_word' id='word_1_57' title='bbox 496 1165 662 1231; x_wconf 88' lang='lat' dir='ltr'><strong>adeo</strong></span> <span class='ocrx_word' id='word_1_58' title='bbox 704 1167 856 1251; x_wconf 83' lang='lat' dir='ltr'><strong>lata,</strong></span> <span class='ocrx_word' id='word_1_59' title='bbox 898 1168 1067 1232; x_wconf 83' lang='lat' dir='ltr'><strong>sieut</strong></span> <span class='ocrx_word' id='word_1_60' title='bbox 1134 1175 1273 1232; x_wconf 85' lang='lat' dir='ltr'><strong>tota</strong></span> <span class='ocrx_word' id='word_1_61' title='bbox 1336 1169 1725 1235; x_wconf 71' lang='lat' dir='ltr'><strong>domuncula</strong></span> <span class='ocrx_word' id='word_1_62' title='bbox 1773 1172 2201 1254; x_wconf 88' lang='lat' dir='ltr'><strong>monumenti,</strong></span> <span class='ocrx_word' id='word_1_63' title='bbox 2258 1172 2349 1236; x_wconf 91' lang='lat' dir='ltr'><strong>ita</strong></span> <span class='ocrx_word' id='word_1_64' title='bbox 2403 1168 2578 1255; x_wconf 87' lang='lat' dir='ltr'><strong>quod</strong></span> <span class='ocrx_word' id='word_1_65' title='bbox 2594 1214 2616 1253; x_wconf 90' lang='lat'><strong>,</strong></span> <span class='ocrx_word' id='word_1_66' title='bbox 2682 1170 2743 1234; x_wconf 89' lang='lat' dir='ltr'><strong>si</strong></span> 
     </span>
     <span class='ocr_line' id='line_1_8' title="bbox 379 1271 2740 1361; baseline 0.001 -25"><span class='ocrx_word' id='word_1_67' title='bbox 379 1271 530 1354; x_wconf 82' lang='lat' dir='ltr'><strong>ipsa</strong></span> <span class='ocrx_word' id='word_1_68' title='bbox 570 1271 956 1337; x_wconf 87' lang='lat' dir='ltr'><strong>domuncula</strong></span> <span class='ocrx_word' id='word_1_69' title='bbox 996 1272 1251 1337; x_wconf 82' lang='lat' dir='ltr'><strong>mobilis</strong></span> <span class='ocrx_word' id='word_1_70' title='bbox 1295 1285 1492 1357; x_wconf 87' lang='lat' dir='ltr'><strong>esset,</strong></span> <span class='ocrx_word' id='word_1_71' title='bbox 1542 1284 1609 1340; x_wconf 86' lang='lat' dir='ltr'><strong>et</strong></span> <span class='ocrx_word' id='word_1_72' title='bbox 1650 1292 1907 1340; x_wconf 87' lang='lat' dir='ltr'><strong>sursum</strong></span> <span class='ocrx_word' id='word_1_73' title='bbox 1932 1277 2309 1361; x_wconf 67' lang='lat' dir='ltr'><strong>traheretur,</strong></span> <span class='ocrx_word' id='word_1_74' title='bbox 2352 1295 2471 1360; x_wconf 90' lang='lat' dir='ltr'><strong>per</strong></span> <span class='ocrx_word' id='word_1_75' title='bbox 2531 1278 2740 1360; x_wconf 82' lang='lat' dir='ltr'><strong>ipsam</strong></span> 
     </span>
     <span class='ocr_line' id='line_1_9' title="bbox 385 1378 2738 1466; baseline 0.001 -26"><span class='ocrx_word' id='word_1_76' title='bbox 385 1385 753 1458; x_wconf 85' lang='lat' dir='ltr'><strong>aperturam</strong></span> <span class='ocrx_word' id='word_1_77' title='bbox 795 1387 1025 1462; x_wconf 88' lang='lat' dir='ltr'><strong>posset</strong></span> <span class='ocrx_word' id='word_1_78' title='bbox 1068 1378 1340 1443; x_wconf 84' lang='lat' dir='ltr'><strong>extrahi.</strong></span> <span class='ocrx_word' id='word_1_79' title='bbox 1426 1382 1531 1444; x_wconf 87' lang='lat' dir='ltr'><strong>Ex</strong></span> <span class='ocrx_word' id='word_1_80' title='bbox 1575 1400 1705 1465; x_wconf 87' lang='lat' dir='ltr'><strong>quo</strong></span> <span class='ocrx_word' id='word_1_81' title='bbox 1746 1389 1927 1466; x_wconf 87' lang='lat' dir='ltr'><strong>patet</strong></span> <span class='ocrx_word' id='word_1_82' title='bbox 1948 1426 1969 1465; x_wconf 90' lang='lat'><strong>,</strong></span> <span class='ocrx_word' id='word_1_83' title='bbox 2029 1380 2201 1465; x_wconf 89' lang='lat' dir='ltr'><strong>quod</strong></span> <span class='ocrx_word' id='word_1_84' title='bbox 2261 1387 2738 1444; x_wconf 81' lang='lat' dir='ltr'><strong>monumentum</strong></span> 
     </span>
     <span class='ocr_line' id='line_1_10' title="bbox 384 1479 2741 1570; baseline 0.002 -25"><span class='ocrx_word' id='word_1_85' title='bbox 384 1479 646 1546; x_wconf 79' lang='lat' dir='ltr'><strong>Domini</strong></span> <span class='ocrx_word' id='word_1_86' title='bbox 683 1491 816 1546; x_wconf 88' lang='lat' dir='ltr'><strong>stat</strong></span> <span class='ocrx_word' id='word_1_87' title='bbox 855 1484 978 1548; x_wconf 83' lang='lat' dir='ltr'><strong>sub</strong></span> <span class='ocrx_word' id='word_1_88' title='bbox 1024 1483 1155 1567; x_wconf 88' lang='lat' dir='ltr'><strong>dio,</strong></span> <span class='ocrx_word' id='word_1_89' title='bbox 1198 1485 1295 1548; x_wconf 86' lang='lat' dir='ltr'><strong>ita</strong></span> <span class='ocrx_word' id='word_1_90' title='bbox 1334 1483 1508 1568; x_wconf 88' lang='lat' dir='ltr'><strong>quod</strong></span> <span class='ocrx_word' id='word_1_91' title='bbox 1574 1486 1737 1569; x_wconf 86' lang='lat' dir='ltr'><strong>pluit</strong></span> <span class='ocrx_word' id='word_1_92' title='bbox 1796 1495 1862 1549; x_wconf 89' lang='lat' dir='ltr'><strong>et</strong></span> <span class='ocrx_word' id='word_1_93' title='bbox 1904 1487 2112 1570; x_wconf 80' lang='lat' dir='ltr'><strong>ningit</strong></span> <span class='ocrx_word' id='word_1_94' title='bbox 2177 1506 2296 1570; x_wconf 90' lang='lat' dir='ltr'><strong>per</strong></span> <span class='ocrx_word' id='word_1_95' title='bbox 2346 1484 2741 1569; x_wconf 76' lang='lat' dir='ltr'><strong>praedictam</strong></span> 
     </span>
     <span class='ocr_line' id='line_1_11' title="bbox 382 1580 2744 1675; baseline 0.002 -25"><span class='ocrx_word' id='word_1_96' title='bbox 382 1595 746 1669; x_wconf 88' lang='lat' dir='ltr'><strong>aperturam</strong></span> <span class='ocrx_word' id='word_1_97' title='bbox 785 1606 985 1671; x_wconf 87' lang='lat' dir='ltr'><strong>super</strong></span> <span class='ocrx_word' id='word_1_98' title='bbox 1027 1607 1194 1652; x_wconf 85' lang='lat' dir='ltr'><strong>eum.</strong></span> <span class='ocrx_word' id='word_1_99' title='bbox 1253 1588 1458 1654; x_wconf 87' lang='lat' dir='ltr'><strong>Porro</strong></span> <span class='ocrx_word' id='word_1_100' title='bbox 1497 1591 1709 1675; x_wconf 88' lang='lat' dir='ltr'><strong>ipsum</strong></span> <span class='ocrx_word' id='word_1_101' title='bbox 1752 1590 2239 1654; x_wconf 80' lang='lat' dir='ltr'><strong>tabernaculum</strong></span> <span class='ocrx_word' id='word_1_102' title='bbox 2277 1589 2500 1654; x_wconf 84' lang='lat' dir='ltr'><strong>subtili</strong></span> <span class='ocrx_word' id='word_1_103' title='bbox 2541 1580 2744 1655; x_wconf 64' lang='lat' dir='ltr'><strong>scheJ·</strong></span> 
     </span>
     <span class='ocr_line' id='line_1_12' title="bbox 386 1692 2740 1778; baseline 0.002 -25"><span class='ocrx_word' id='word_1_104' title='bbox 386 1699 558 1755; x_wconf 83' lang='lat' dir='ltr'><strong>mate</strong></span> <span class='ocrx_word' id='word_1_105' title='bbox 600 1700 704 1756; x_wconf 89' lang='lat' dir='ltr'><strong>est</strong></span> <span class='ocrx_word' id='word_1_106' title='bbox 746 1692 1176 1758; x_wconf 77' lang='lat' dir='ltr'><strong>fabrefactum</strong></span> <span class='ocrx_word' id='word_1_107' title='bbox 1221 1693 1305 1757; x_wconf 89' lang='lat' dir='ltr'><strong>de</strong></span> <span class='ocrx_word' id='word_1_108' title='bbox 1321 1694 1520 1777; x_wconf 87' lang='lat' dir='ltr'><strong>polito</strong></span> <span class='ocrx_word' id='word_1_109' title='bbox 1565 1714 1910 1778; x_wconf 89' lang='lat' dir='ltr'><strong>marmore,</strong></span> <span class='ocrx_word' id='word_1_110' title='bbox 1957 1704 2023 1758; x_wconf 91' lang='lat' dir='ltr'><strong>et</strong></span> <span class='ocrx_word' id='word_1_111' title='bbox 2062 1696 2238 1759; x_wconf 89' lang='lat' dir='ltr'><strong>intus</strong></span> <span class='ocrx_word' id='word_1_112' title='bbox 2281 1702 2350 1756; x_wconf 92' lang='lat' dir='ltr'><strong>et</strong></span> <span class='ocrx_word' id='word_1_113' title='bbox 2371 1703 2561 1758; x_wconf 70' lang='lat' dir='ltr'><strong>extra</strong></span> <span class='ocrx_word' id='word_1_114' title='bbox 2592 1710 2740 1757; x_wconf 85' lang='lat' dir='ltr'><strong>cum</strong></span> 
     </span>
     <span class='ocr_line' id='line_1_13' title="bbox 380 1795 2738 1883; baseline 0 -24"><span class='ocrx_word' id='word_1_115' title='bbox 380 1795 700 1861; x_wconf 83' lang='lat' dir='ltr'><strong>columnis</strong></span> <span class='ocrx_word' id='word_1_116' title='bbox 751 1807 818 1860; x_wconf 89' lang='lat' dir='ltr'><strong>et</strong></span> <span class='ocrx_word' id='word_1_117' title='bbox 860 1797 1140 1862; x_wconf 88' lang='lat' dir='ltr'><strong>culmine</strong></span> <span class='ocrx_word' id='word_1_118' title='bbox 1182 1798 1306 1862; x_wconf 74' lang='lat' dir='ltr'><strong>fuit</strong></span> <span class='ocrx_word' id='word_1_119' title='bbox 1344 1796 1746 1883; x_wconf 87' lang='lat' dir='ltr'><strong>deauratum,</strong></span> <span class='ocrx_word' id='word_1_120' title='bbox 1789 1800 1961 1864; x_wconf 85' lang='lat' dir='ltr'><strong>sicut</strong></span> <span class='ocrx_word' id='word_1_121' title='bbox 2000 1799 2195 1864; x_wconf 89' lang='lat' dir='ltr'><strong>hodie</strong></span> <span class='ocrx_word' id='word_1_122' title='bbox 2235 1796 2448 1883; x_wconf 79' lang='lat' dir='ltr'><strong>patet,</strong></span> <span class='ocrx_word' id='word_1_123' title='bbox 2497 1796 2671 1881; x_wconf 85' lang='lat' dir='ltr'><strong>quod</strong></span> <span class='ocrx_word' id='word_1_124' title='bbox 2697 1814 2738 1861; x_wconf 88' lang='lat' dir='ltr'><strong>a</strong></span> 
     </span>
     <span class='ocr_line' id='line_1_14' title="bbox 384 1899 2741 1988; baseline 0 -24"><span class='ocrx_word' id='word_1_125' title='bbox 384 1899 804 1967; x_wconf 78' lang='lat' dir='ltr'><strong>fundamento</strong></span> <span class='ocrx_word' id='word_1_126' title='bbox 825 1903 1052 1985; x_wconf 87' lang='lat' dir='ltr'><strong>templi</strong></span> <span class='ocrx_word' id='word_1_127' title='bbox 1071 1921 1283 1988; x_wconf 84' lang='lat' dir='ltr'><strong>usque</strong></span> <span class='ocrx_word' id='word_1_128' title='bbox 1308 1903 1391 1967; x_wconf 83' lang='lat' dir='ltr'><strong>ad</strong></span> <span class='ocrx_word' id='word_1_129' title='bbox 1411 1922 1732 1968; x_wconf 89' lang='lat' dir='ltr'><strong>summum</strong></span> <span class='ocrx_word' id='word_1_130' title='bbox 1756 1904 2055 1969; x_wconf 86' lang='lat' dir='ltr'><strong>culminis</strong></span> <span class='ocrx_word' id='word_1_131' title='bbox 2085 1903 2481 1968; x_wconf 75' lang='lat' dir='ltr'><strong>tabernaculi</strong></span> <span class='ocrx_word' id='word_1_132' title='bbox 2505 1918 2741 1966; x_wconf 86' lang='lat' dir='ltr'><strong>monu-</strong></span> 
     </span>
     <span class='ocr_line' id='line_1_15' title="bbox 386 2006 2739 2092; baseline 0 -23"><span class='ocrx_word' id='word_1_133' title='bbox 386 2008 586 2071; x_wconf 87' lang='lat' dir='ltr'><strong>menti</strong></span> <span class='ocrx_word' id='word_1_134' title='bbox 614 2017 771 2072; x_wconf 86' lang='lat' dir='ltr'><strong>sunt</strong></span> <span class='ocrx_word' id='word_1_135' title='bbox 802 2010 868 2072; x_wconf 89' lang='lat' dir='ltr'><strong>in</strong></span> <span class='ocrx_word' id='word_1_136' title='bbox 907 2006 1246 2071; x_wconf 81' lang='lat' dir='ltr'><strong>altitudine</strong></span> <span class='ocrx_word' id='word_1_137' title='bbox 1287 2006 1353 2071; x_wconf 88' lang='lat' dir='ltr'>V</span> <span class='ocrx_word' id='word_1_138' title='bbox 1382 2016 1450 2071; x_wconf 88' lang='lat' dir='ltr'><strong>et</strong></span> <span class='ocrx_word' id='word_1_139' title='bbox 1488 2006 1817 2071; x_wconf 85' lang='lat' dir='ltr'><strong>dimidium</strong></span> <span class='ocrx_word' id='word_1_140' title='bbox 1841 2011 2058 2092; x_wconf 83' lang='lat' dir='ltr'><strong>cubiti,</strong></span> <span class='ocrx_word' id='word_1_141' title='bbox 2079 2027 2120 2072; x_wconf 87' lang='lat' dir='ltr'><strong>a</strong></span> <span class='ocrx_word' id='word_1_142' title='bbox 2145 2006 2561 2073; x_wconf 73' lang='lat' dir='ltr'><strong>fundamento</strong></span> <span class='ocrx_word' id='word_1_143' title='bbox 2579 2024 2739 2070; x_wconf 79' lang='lat' dir='ltr'><strong>vero</strong></span> 
     </span>
     <span class='ocr_line' id='line_1_16' title="bbox 385 2111 2737 2198; baseline 0 -23"><span class='ocrx_word' id='word_1_144' title='bbox 385 2128 595 2195; x_wconf 86' lang='lat' dir='ltr'><strong>usque</strong></span> <span class='ocrx_word' id='word_1_145' title='bbox 636 2111 720 2176; x_wconf 83' lang='lat' dir='ltr'><strong>ad</strong></span> <span class='ocrx_word' id='word_1_146' title='bbox 763 2120 1134 2197; x_wconf 85' lang='lat' dir='ltr'><strong>aperturam</strong></span> <span class='ocrx_word' id='word_1_147' title='bbox 1196 2112 1353 2176; x_wconf 87' lang='lat' dir='ltr'><strong>tecti</strong></span> <span class='ocrx_word' id='word_1_148' title='bbox 1413 2121 1572 2178; x_wconf 77' lang='lat' dir='ltr'><strong>sunt</strong></span> <span class='ocrx_word' id='word_1_149' title='bbox 1627 2115 1759 2177; x_wconf 81' lang='grc' dir='ltr'><strong>ΧΠ</strong></span> <span class='ocrx_word' id='word_1_150' title='bbox 1812 2116 2059 2198; x_wconf 88' lang='lat' dir='ltr'><strong>cubiti,</strong></span> <span class='ocrx_word' id='word_1_151' title='bbox 2124 2122 2239 2178; x_wconf 86' lang='lat' dir='ltr'><strong>aut</strong></span> <span class='ocrx_word' id='word_1_152' title='bbox 2299 2111 2519 2196; x_wconf 87' lang='lat' dir='ltr'><strong>paullo</strong></span> <span class='ocrx_word' id='word_1_153' title='bbox 2567 2111 2737 2193; x_wconf 81' lang='lat' dir='ltr'><strong>plus.</strong></span> 
     </span>
     <span class='ocr_line' id='line_1_17' title="bbox 383 2215 2738 2301; baseline -0.001 -23"><span class='ocrx_word' id='word_1_154' title='bbox 383 2215 604 2300; x_wconf 83' lang='lat' dir='ltr'><strong>Porro,</strong></span> <span class='ocrx_word' id='word_1_155' title='bbox 649 2225 802 2281; x_wconf 88' lang='lat' dir='ltr'><strong>ante</strong></span> <span class='ocrx_word' id='word_1_156' title='bbox 841 2218 1173 2282; x_wconf 87' lang='lat' dir='ltr'><strong>introitum</strong></span> <span class='ocrx_word' id='word_1_157' title='bbox 1215 2219 1607 2281; x_wconf 86' lang='lat' dir='ltr'><strong>monumenti</strong></span> <span class='ocrx_word' id='word_1_158' title='bbox 1630 2228 1731 2281; x_wconf 87' lang='lat' dir='ltr'><strong>est</strong></span> <span class='ocrx_word' id='word_1_159' title='bbox 1775 2219 2070 2283; x_wconf 84' lang='lat' dir='ltr'><strong>atriolum</strong></span> <span class='ocrx_word' id='word_1_160' title='bbox 2093 2216 2444 2301; x_wconf 83' lang='lat' dir='ltr'><strong>quoddam,</strong></span> <span class='ocrx_word' id='word_1_161' title='bbox 2487 2215 2738 2278; x_wconf 84' lang='lat' dir='ltr'><strong>habens</strong></span> 
     </span>
     <span class='ocr_line' id='line_1_18' title="bbox 385 2319 2739 2407; baseline -0 -24"><span class='ocrx_word' id='word_1_162' title='bbox 385 2319 455 2383; x_wconf 88' lang='lat' dir='ltr'><strong>in</strong></span> <span class='ocrx_word' id='word_1_163' title='bbox 497 2320 835 2387; x_wconf 83' lang='lat' dir='ltr'><strong>latitudine</strong></span> <span class='ocrx_word' id='word_1_164' title='bbox 874 2332 1011 2388; x_wconf 83' lang='lat' dir='ltr'><strong>tres</strong></span> <span class='ocrx_word' id='word_1_165' title='bbox 1052 2323 1328 2407; x_wconf 88' lang='lat' dir='ltr'><strong>cubitos,</strong></span> <span class='ocrx_word' id='word_1_166' title='bbox 1369 2324 1583 2387; x_wconf 89' lang='lat' dir='ltr'><strong>minus</strong></span> <span class='ocrx_word' id='word_1_167' title='bbox 1623 2340 1753 2386; x_wconf 90' lang='lat' dir='ltr'><strong>uno</strong></span> <span class='ocrx_word' id='word_1_168' title='bbox 1808 2322 2041 2406; x_wconf 91' lang='lat' dir='ltr'><strong>palmo.</strong></span> <span class='ocrx_word' id='word_1_169' title='bbox 2150 2320 2407 2384; x_wconf 82' lang='lat' dir='ltr'><strong>Ostium</strong></span> <span class='ocrx_word' id='word_1_170' title='bbox 2461 2320 2739 2403; x_wconf 87' lang='lat' dir='ltr'><strong>primum</strong></span> 
     </span>
     <span class='ocr_line' id='line_1_19' title="bbox 383 2423 2736 2519; baseline -0.001 -31"><span class='ocrx_word' id='word_1_171' title='bbox 383 2423 807 2491; x_wconf 72' lang='lat' dir='ltr'><strong>domunculae</strong></span> <span class='ocrx_word' id='word_1_172' title='bbox 839 2438 941 2493; x_wconf 93' lang='lat' dir='ltr'><strong>est</strong></span> <span class='ocrx_word' id='word_1_173' title='bbox 982 2430 1051 2491; x_wconf 88' lang='lat' dir='ltr'><strong>in</strong></span> <span class='ocrx_word' id='word_1_174' title='bbox 1094 2427 1327 2511; x_wconf 86' lang='lat' dir='ltr'><strong>medio,</strong></span> <span class='ocrx_word' id='word_1_175' title='bbox 1369 2427 1631 2519; x_wconf 31' lang='lat' dir='ltr'><strong>habens,</strong></span> <span class='ocrx_word' id='word_1_176' title='bbox 1658 2428 1725 2490; x_wconf 91' lang='lat' dir='ltr'><strong>in</strong></span> <span class='ocrx_word' id='word_1_177' title='bbox 1762 2425 2105 2490; x_wconf 90' lang='lat' dir='ltr'><strong>altitudine</strong></span> <span class='ocrx_word' id='word_1_178' title='bbox 2141 2427 2175 2488; x_wconf 90' lang='lat'>1</span> <span class='ocrx_word' id='word_1_179' title='bbox 2216 2425 2503 2488; x_wconf 85' lang='lat' dir='ltr'><strong>cubitum</strong></span> <span class='ocrx_word' id='word_1_180' title='bbox 2545 2440 2736 2506; x_wconf 78' lang='lat' dir='ltr'><strong>mag-</strong></span> 
     </span>
     <span class='ocr_line' id='line_1_20' title="bbox 385 2527 2739 2616; baseline 0 -25"><span class='ocrx_word' id='word_1_181' title='bbox 385 2546 557 2614; x_wconf 83' lang='lat' dir='ltr'><strong>num,</strong></span> <span class='ocrx_word' id='word_1_182' title='bbox 585 2541 652 2597; x_wconf 86' lang='lat' dir='ltr'><strong>et</strong></span> <span class='ocrx_word' id='word_1_183' title='bbox 684 2534 780 2595; x_wconf 86' lang='lat'><strong>111</strong></span> <span class='ocrx_word' id='word_1_184' title='bbox 805 2534 1057 2616; x_wconf 85' lang='lat' dir='ltr'><strong>palmas</strong></span> <span class='ocrx_word' id='word_1_185' title='bbox 1089 2551 1238 2597; x_wconf 83' lang='lat' dir='ltr'><strong>cum</strong></span> <span class='ocrx_word' id='word_1_186' title='bbox 1258 2531 1537 2596; x_wconf 82' lang='lat' dir='ltr'><strong>dimidio.</strong></span> <span class='ocrx_word' id='word_1_187' title='bbox 1583 2530 1859 2615; x_wconf 79' lang='lat' dir='ltr'><strong>Capella</strong></span> <span class='ocrx_word' id='word_1_188' title='bbox 1890 2540 2042 2595; x_wconf 88' lang='lat' dir='ltr'><strong>ante</strong></span> <span class='ocrx_word' id='word_1_189' title='bbox 2086 2530 2465 2613; x_wconf 76' lang='lat' dir='ltr'><strong>speluncam</strong></span> <span class='ocrx_word' id='word_1_190' title='bbox 2493 2527 2739 2611; x_wconf 83' lang='lat' dir='ltr'><strong>tumuli,</strong></span> 
     </span>
     <span class='ocr_line' id='line_1_21' title="bbox 385 2632 2736 2721; baseline -0.002 -21"><span class='ocrx_word' id='word_1_191' title='bbox 385 2655 554 2721; x_wconf 83' lang='lat' dir='ltr'><strong>quae</strong></span> <span class='ocrx_word' id='word_1_192' title='bbox 569 2647 670 2701; x_wconf 88' lang='lat' dir='ltr'><strong>est</strong></span> <span class='ocrx_word' id='word_1_193' title='bbox 681 2637 996 2721; x_wconf 85' lang='lat' dir='ltr'><strong>spelunca</strong></span> <span class='ocrx_word' id='word_1_194' title='bbox 1007 2638 1427 2721; x_wconf 84' lang='lat' dir='ltr'><strong>prima‚hahet</strong></span> <span class='ocrx_word' id='word_1_195' title='bbox 1438 2639 1507 2703; x_wconf 89' lang='lat' dir='ltr'><strong>in</strong></span> <span class='ocrx_word' id='word_1_196' title='bbox 1520 2637 1858 2702; x_wconf 87' lang='lat' dir='ltr'><strong>latitudine</strong></span> <span class='ocrx_word' id='word_1_197' title='bbox 1866 2654 2065 2700; x_wconf 89' lang='lat' dir='ltr'><strong>unum</strong></span> <span class='ocrx_word' id='word_1_198' title='bbox 2080 2643 2147 2698; x_wconf 86' lang='lat' dir='ltr'><strong>et</strong></span> <span class='ocrx_word' id='word_1_199' title='bbox 2165 2634 2492 2698; x_wconf 85' lang='lat' dir='ltr'><strong>dimidium</strong></span> <span class='ocrx_word' id='word_1_200' title='bbox 2509 2632 2736 2702; x_wconf 72' lang='lat' dir='ltr'><strong>cubiti,</strong></span> 
     </span>
     <span class='ocr_line' id='line_1_22' title="bbox 384 2742 2742 2829; baseline -0.002 -25"><span class='ocrx_word' id='word_1_201' title='bbox 384 2750 453 2805; x_wconf 86' lang='lat' dir='ltr'><strong>et</strong></span> <span class='ocrx_word' id='word_1_202' title='bbox 490 2742 560 2805; x_wconf 90' lang='lat' dir='ltr'><strong>in</strong></span> <span class='ocrx_word' id='word_1_203' title='bbox 605 2742 1011 2826; x_wconf 76' lang='lat' dir='ltr'><strong>longitndine</strong></span> <span class='ocrx_word' id='word_1_204' title='bbox 1054 2743 1347 2829; x_wconf 87' lang='lat' dir='ltr'><strong>totidem,</strong></span> <span class='ocrx_word' id='word_1_205' title='bbox 1391 2753 1457 2807; x_wconf 85' lang='lat' dir='ltr'><strong>et</strong></span> <span class='ocrx_word' id='word_1_206' title='bbox 1496 2745 1566 2808; x_wconf 90' lang='lat' dir='ltr'><strong>in</strong></span> <span class='ocrx_word' id='word_1_207' title='bbox 1609 2742 1902 2827; x_wconf 83' lang='lat' dir='ltr'><strong>quolibet</strong></span> <span class='ocrx_word' id='word_1_208' title='bbox 1950 2742 2163 2805; x_wconf 85' lang='lat' dir='ltr'><strong>latere</strong></span> <span class='ocrx_word' id='word_1_209' title='bbox 2215 2756 2410 2803; x_wconf 85' lang='lat' dir='ltr'><strong>unam</strong></span> <span class='ocrx_word' id='word_1_210' title='bbox 2469 2754 2742 2822; x_wconf 71' lang='lat' dir='ltr'><strong>parvam</strong></span> 
     </span>
     <span class='ocr_line' id='line_1_23' title="bbox 389 2840 2740 2932; baseline -0.002 -22"><span class='ocrx_word' id='word_1_211' title='bbox 389 2845 740 2911; x_wconf 71' lang='lat' dir='ltr'><strong>fenestram</strong></span> <span class='ocrx_word' id='word_1_212' title='bbox 774 2847 1168 2932; x_wconf 81' lang='lat' dir='ltr'><strong>quadratam.</strong></span> <span class='ocrx_word' id='word_1_213' title='bbox 1255 2851 1331 2913; x_wconf 88' lang='lat' dir='ltr'><strong>In</strong></span> <span class='ocrx_word' id='word_1_214' title='bbox 1372 2847 1599 2912; x_wconf 86' lang='lat' dir='ltr'><strong>eadem</strong></span> <span class='ocrx_word' id='word_1_215' title='bbox 1642 2846 1960 2930; x_wconf 86' lang='lat' dir='ltr'><strong>spelunca</strong></span> <span class='ocrx_word' id='word_1_216' title='bbox 2007 2845 2315 2909; x_wconf 88' lang='lat' dir='ltr'><strong>anteriori</strong></span> <span class='ocrx_word' id='word_1_217' title='bbox 2345 2843 2551 2907; x_wconf 82' lang='lat' dir='ltr'><strong>tribus</strong></span> <span class='ocrx_word' id='word_1_218' title='bbox 2591 2840 2740 2925; x_wconf 85' lang='lat' dir='ltr'><strong>pal-</strong></span> 
     </span>
     <span class='ocr_line' id='line_1_24' title="bbox 385 2947 2740 3038; baseline -0.003 -24"><span class='ocrx_word' id='word_1_219' title='bbox 385 2953 510 3016; x_wconf 87' lang='lat' dir='ltr'><strong>mis</strong></span> <span class='ocrx_word' id='word_1_220' title='bbox 524 2952 606 3017; x_wconf 86' lang='lat' dir='ltr'><strong>ab</strong></span> <span class='ocrx_word' id='word_1_221' title='bbox 631 2953 863 3018; x_wconf 87' lang='lat' dir='ltr'><strong>ostiolo</strong></span> <span class='ocrx_word' id='word_1_222' title='bbox 881 2954 1231 3038; x_wconf 71' lang='lat' dir='ltr'><strong>speluncae</strong></span> <span class='ocrx_word' id='word_1_223' title='bbox 1245 2953 1570 3018; x_wconf 84' lang='lat' dir='ltr'><strong>interioris</strong></span> <span class='ocrx_word' id='word_1_224' title='bbox 1590 2960 1699 3017; x_wconf 85' lang='lat' dir='ltr'><strong>est</strong></span> <span class='ocrx_word' id='word_1_225' title='bbox 1714 2969 1914 3036; x_wconf 81' lang='lat' dir='ltr'><strong>supra</strong></span> <span class='ocrx_word' id='word_1_226' title='bbox 1935 2950 2413 3015; x_wconf 76' lang='lat' dir='ltr'><strong>fundamentum</strong></span> <span class='ocrx_word' id='word_1_227' title='bbox 2439 2947 2740 3011; x_wconf 85' lang='lat' dir='ltr'><strong>elevatus</strong></span> 
     </span>
     <span class='ocr_line' id='line_1_25' title="bbox 387 3050 2739 3143; baseline -0.002 -26"><span class='ocrx_word' id='word_1_228' title='bbox 387 3056 556 3140; x_wconf 83' lang='lat' dir='ltr'><strong>lapis</strong></span> <span class='ocrx_word' id='word_1_229' title='bbox 598 3056 971 3142; x_wconf 85' lang='lat' dir='ltr'><strong>quadratus,</strong></span> <span class='ocrx_word' id='word_1_230' title='bbox 1009 3061 1120 3143; x_wconf 88' lang='lat' dir='ltr'><strong>qui</strong></span> <span class='ocrx_word' id='word_1_231' title='bbox 1160 3059 1360 3123; x_wconf 83' lang='lat' dir='ltr'><strong>habet</strong></span> <span class='ocrx_word' id='word_1_232' title='bbox 1410 3078 1528 3143; x_wconf 87' lang='lat' dir='ltr'><strong>per</strong></span> <span class='ocrx_word' id='word_1_233' title='bbox 1568 3058 1881 3142; x_wconf 87' lang='lat' dir='ltr'><strong>quadrum</strong></span> <span class='ocrx_word' id='word_1_234' title='bbox 1901 3058 1965 3121; x_wconf 87' lang='lat'><strong>11</strong></span> <span class='ocrx_word' id='word_1_235' title='bbox 2006 3055 2256 3140; x_wconf 90' lang='lat' dir='ltr'><strong>palmos</strong></span> <span class='ocrx_word' id='word_1_236' title='bbox 2297 3062 2363 3117; x_wconf 88' lang='lat' dir='ltr'><strong>et</strong></span> <span class='ocrx_word' id='word_1_237' title='bbox 2389 3050 2739 3131; x_wconf 80' lang='lat' dir='ltr'><strong>dimidium,</strong></span> 
     </span>
     <span class='ocr_line' id='line_1_26' title="bbox 387 3158 2739 3247; baseline -0.003 -23"><span class='ocrx_word' id='word_1_238' title='bbox 387 3178 588 3244; x_wconf 90' lang='lat' dir='ltr'><strong>super</strong></span> <span class='ocrx_word' id='word_1_239' title='bbox 628 3180 819 3245; x_wconf 88' lang='lat' dir='ltr'><strong>quem</strong></span> <span class='ocrx_word' id='word_1_240' title='bbox 845 3163 1081 3227; x_wconf 87' lang='lat' dir='ltr'><strong>dicitur</strong></span> <span class='ocrx_word' id='word_1_241' title='bbox 1103 3162 1380 3247; x_wconf 79' lang='lat' dir='ltr'><strong>angelus</strong></span> <span class='ocrx_word' id='word_1_242' title='bbox 1420 3163 1680 3228; x_wconf 86' lang='lat' dir='ltr'><strong>sedisse</strong></span> <span class='ocrx_word' id='word_1_243' title='bbox 1715 3172 1866 3247; x_wconf 88' lang='lat' dir='ltr'><strong>post</strong></span> <span class='ocrx_word' id='word_1_244' title='bbox 1886 3162 2148 3226; x_wconf 87' lang='lat' dir='ltr'><strong>Domini</strong></span> <span class='ocrx_word' id='word_1_245' title='bbox 2182 3158 2739 3236; x_wconf 85' lang='lat' dir='ltr'><strong>resurrectionem,</strong></span> 
     </span>
     <span class='ocr_line' id='line_1_27' title="bbox 387 3260 2740 3353; baseline -0.002 -25"><span class='ocrx_word' id='word_1_246' title='bbox 387 3268 499 3347; x_wconf 85' lang='lat' dir='ltr'><strong>qui</strong></span> <span class='ocrx_word' id='word_1_247' title='bbox 541 3265 708 3349; x_wconf 88' lang='lat' dir='ltr'><strong>lapis</strong></span> <span class='ocrx_word' id='word_1_248' title='bbox 750 3277 856 3331; x_wconf 86' lang='lat' dir='ltr'><strong>est</strong></span> <span class='ocrx_word' id='word_1_249' title='bbox 896 3286 1048 3352; x_wconf 89' lang='lat' dir='ltr'><strong>pars</strong></span> <span class='ocrx_word' id='word_1_250' title='bbox 1088 3269 1265 3331; x_wconf 88' lang='lat' dir='ltr'><strong>illius</strong></span> <span class='ocrx_word' id='word_1_251' title='bbox 1305 3269 1523 3353; x_wconf 78' lang='lat' dir='ltr'><strong>magni</strong></span> <span class='ocrx_word' id='word_1_252' title='bbox 1592 3268 1849 3352; x_wconf 86' lang='lat' dir='ltr'><strong>lapidis·</strong></span> <span class='ocrx_word' id='word_1_253' title='bbox 1882 3267 1967 3332; x_wconf 81' lang='lat' dir='ltr'><strong>ad</strong></span> <span class='ocrx_word' id='word_1_254' title='bbox 2036 3266 2275 3332; x_wconf 87' lang='lat' dir='ltr'><strong>ostium</strong></span> <span class='ocrx_word' id='word_1_255' title='bbox 2345 3260 2740 3330; x_wconf 88' lang='lat' dir='ltr'><strong>monumenti</strong></span> 
     </span>
     <span class='ocr_line' id='line_1_28' title="bbox 387 3368 2215 3458; baseline 0.001 -25"><span class='ocrx_word' id='word_1_256' title='bbox 387 3368 686 3454; x_wconf 75' lang='lat' dir='ltr'><strong>revoluti,</strong></span> <span class='ocrx_word' id='word_1_257' title='bbox 730 3369 814 3435; x_wconf 94' lang='lat' dir='ltr'><strong>de</strong></span> <span class='ocrx_word' id='word_1_258' title='bbox 855 3390 985 3455; x_wconf 88' lang='lat' dir='ltr'><strong>quo</strong></span> <span class='ocrx_word' id='word_1_259' title='bbox 1027 3371 1244 3456; x_wconf 84' lang='lat' dir='ltr'><strong>lapide</strong></span> <span class='ocrx_word' id='word_1_260' title='bbox 1285 3375 1499 3457; x_wconf 82' lang='lat' dir='ltr'><strong>patuit</strong></span> <span class='ocrx_word' id='word_1_261' title='bbox 1539 3392 1744 3458; x_wconf 89' lang='lat' dir='ltr'><strong>supra</strong></span> <span class='ocrx_word' id='word_1_262' title='bbox 1786 3374 1899 3437; x_wconf 83' lang='lat' dir='ltr'><strong>fol.</strong></span> <span class='ocrx_word' id='word_1_263' title='bbox 1949 3374 2093 3438; x_wconf 72' lang='lat'><strong>102.</strong></span> <span class='ocrx_word' id='word_1_264' title='bbox 2138 3372 2215 3436; x_wconf 84' lang='lat' dir='ltr'><strong>B.</strong></span> 
     </span>
    </p>

    <p class='ocr_par' dir='ltr' id='par_1_2' title="bbox 385 3469 2741 4502">
     <span class='ocr_line' id='line_1_29' title="bbox 555 3469 2738 3561; baseline -0.002 -23"><span class='ocrx_word' id='word_1_265' title='bbox 555 3474 755 3559; x_wconf 76' lang='lat' dir='ltr'><strong>Ecce,</strong></span> <span class='ocrx_word' id='word_1_266' title='bbox 802 3476 918 3540; x_wconf 84' lang='lat' dir='ltr'><strong>illa</strong></span> <span class='ocrx_word' id='word_1_267' title='bbox 957 3483 1067 3540; x_wconf 85' lang='lat' dir='ltr'><strong>est</strong></span> <span class='ocrx_word' id='word_1_268' title='bbox 1114 3476 1420 3542; x_wconf 84' lang='lat' dir='ltr'><strong>dominici</strong></span> <span class='ocrx_word' id='word_1_269' title='bbox 1466 3480 1865 3543; x_wconf 88' lang='lat' dir='ltr'><strong>monumenti</strong></span> <span class='ocrx_word' id='word_1_270' title='bbox 1909 3477 2279 3561; x_wconf 76' lang='lat' dir='ltr'><strong>descriptio,</strong></span> <span class='ocrx_word' id='word_1_271' title='bbox 2321 3481 2510 3557; x_wconf 89' lang='lat' dir='ltr'><strong>prout</strong></span> <span class='ocrx_word' id='word_1_272' title='bbox 2545 3469 2738 3535; x_wconf 85' lang='lat' dir='ltr'><strong>hodie</strong></span> 
     </span>
     <span class='ocr_line' id='line_1_30' title="bbox 389 3570 2739 3666; baseline 0 -21"><span class='ocrx_word' id='word_1_273' title='bbox 389 3587 563 3663; x_wconf 67' lang='lat' dir='ltr'><strong>statt</strong></span> <span class='ocrx_word' id='word_1_274' title='bbox 606 3589 673 3643; x_wconf 81' lang='lat' dir='ltr'><strong>et</strong></span> <span class='ocrx_word' id='word_1_275' title='bbox 713 3580 880 3645; x_wconf 89' lang='lat' dir='ltr'><strong>haec</strong></span> <span class='ocrx_word' id='word_1_276' title='bbox 920 3580 1272 3665; x_wconf 84' lang='lat' dir='ltr'><strong>descriptio</strong></span> <span class='ocrx_word' id='word_1_277' title='bbox 1328 3580 1413 3645; x_wconf 87' lang='lat' dir='ltr'><strong>ad</strong></span> <span class='ocrx_word' id='word_1_278' title='bbox 1445 3583 1701 3647; x_wconf 86' lang='lat' dir='ltr'><strong>oculum</strong></span> <span class='ocrx_word' id='word_1_279' title='bbox 1745 3591 1928 3666; x_wconf 89' lang='lat' dir='ltr'><strong>patet</strong></span> <span class='ocrx_word' id='word_1_280' title='bbox 1968 3583 2035 3646; x_wconf 85' lang='lat' dir='ltr'><strong>in</strong></span> <span class='ocrx_word' id='word_1_281' title='bbox 2076 3576 2504 3665; x_wconf 63' lang='lat' dir='ltr'><strong>peregrinum,</strong></span> <span class='ocrx_word' id='word_1_282' title='bbox 2565 3570 2739 3659; x_wconf 63' lang='lat' dir='ltr'><strong>quud</strong></span> 
     </span>
     <span class='ocr_line' id='line_1_31' title="bbox 390 3676 2738 3769; baseline -0.004 -22"><span class='ocrx_word' id='word_1_283' title='bbox 390 3683 548 3747; x_wconf 72' lang='lat' dir='ltr'><strong>tecit</strong></span> <span class='ocrx_word' id='word_1_284' title='bbox 591 3686 977 3768; x_wconf 72' lang='lat' dir='ltr'><strong>magnificus</strong></span> <span class='ocrx_word' id='word_1_285' title='bbox 1019 3691 1089 3749; x_wconf 82' lang='lat' dir='ltr'><strong>et</strong></span> <span class='ocrx_word' id='word_1_286' title='bbox 1123 3687 1448 3769; x_wconf 82' lang='lat' dir='ltr'><strong>ingenuus</strong></span> <span class='ocrx_word' id='word_1_287' title='bbox 1489 3686 1615 3763; x_wconf 85' lang='lat' dir='ltr'><strong>vir,</strong></span> <span class='ocrx_word' id='word_1_288' title='bbox 1640 3687 1960 3751; x_wconf 83' lang='lat' dir='ltr'><strong>Dominus</strong></span> <span class='ocrx_word' id='word_1_289' title='bbox 1983 3680 2402 3749; x_wconf 85' lang='lat' dir='ltr'><strong>Bernhardus</strong></span> <span class='ocrx_word' id='word_1_290' title='bbox 2445 3678 2528 3741; x_wconf 91' lang='lat' dir='ltr'><strong>de</strong></span> <span class='ocrx_word' id='word_1_291' title='bbox 2546 3676 2738 3739; x_wconf 80' lang='lat' dir='ltr'><strong>Brai-</strong></span> 
     </span>
     <span class='ocr_line' id='line_1_32' title="bbox 390 3779 2736 3874; baseline -0.006 -20"><span class='ocrx_word' id='word_1_292' title='bbox 390 3790 668 3854; x_wconf 86' lang='lat' dir='ltr'><strong>tenbach</strong></span> <span class='ocrx_word' id='word_1_293' title='bbox 688 3833 709 3874; x_wconf 92' lang='lat'><strong>,</strong></span> <span class='ocrx_word' id='word_1_294' title='bbox 772 3790 1062 3854; x_wconf 88' lang='lat' dir='ltr'><strong>decanus</strong></span> <span class='ocrx_word' id='word_1_295' title='bbox 1103 3789 1632 3873; x_wconf 79' lang='lat' dir='ltr'><strong>metropolitanae</strong></span> <span class='ocrx_word' id='word_1_296' title='bbox 1673 3790 1994 3853; x_wconf 79' lang='lat' dir='ltr'><strong>ecclesiae</strong></span> <span class='ocrx_word' id='word_1_297' title='bbox 2031 3783 2582 3870; x_wconf 73' lang='lat' dir='ltr'><strong>Moguntinensis,</strong></span> <span class='ocrx_word' id='word_1_298' title='bbox 2626 3779 2736 3863; x_wconf 82' lang='lat' dir='ltr'><strong>qni</strong></span> 
     </span>
     <span class='ocr_line' id='line_1_33' title="bbox 389 3884 2739 3977; baseline -0.004 -19"><span class='ocrx_word' id='word_1_299' title='bbox 389 3894 508 3959; x_wconf 73' lang='lat' dir='ltr'><strong>suit</strong></span> <span class='ocrx_word' id='word_1_300' title='bbox 554 3912 773 3960; x_wconf 89' lang='lat' dir='ltr'><strong>comes</strong></span> <span class='ocrx_word' id='word_1_301' title='bbox 816 3914 1000 3959; x_wconf 87' lang='lat' dir='ltr'><strong>meae</strong></span> <span class='ocrx_word' id='word_1_302' title='bbox 1062 3893 1393 3959; x_wconf 85' lang='lat' dir='ltr'><strong>secundae</strong></span> <span class='ocrx_word' id='word_1_303' title='bbox 1446 3894 2023 3977; x_wconf 82' lang='lat' dir='ltr'><strong>peregrinationis,</strong></span> <span class='ocrx_word' id='word_1_304' title='bbox 2079 3894 2149 3955; x_wconf 87' lang='lat' dir='ltr'><strong>in</strong></span> <span class='ocrx_word' id='word_1_305' title='bbox 2213 3909 2343 3975; x_wconf 84' lang='lat' dir='ltr'><strong>qno</strong></span> <span class='ocrx_word' id='word_1_306' title='bbox 2417 3884 2739 3955; x_wconf 77' lang='lat' dir='ltr'><strong>artificiali</strong></span> 
     </span>
     <span class='ocr_line' id='line_1_34' title="bbox 390 3992 2737 4084; baseline -0.005 -21"><span class='ocrx_word' id='word_1_307' title='bbox 390 3997 790 4083; x_wconf 73' lang='lat' dir='ltr'><strong>effigiatione</strong></span> <span class='ocrx_word' id='word_1_308' title='bbox 832 4000 988 4064; x_wconf 82' lang='lat' dir='ltr'><strong>fecit</strong></span> <span class='ocrx_word' id='word_1_309' title='bbox 1041 3999 1317 4084; x_wconf 78' lang='lat' dir='ltr'><strong>figuram</strong></span> <span class='ocrx_word' id='word_1_310' title='bbox 1391 3996 1695 4065; x_wconf 85' lang='lat' dir='ltr'><strong>dominici</strong></span> <span class='ocrx_word' id='word_1_311' title='bbox 1750 3995 2145 4062; x_wconf 89' lang='lat' dir='ltr'><strong>monumenti</strong></span> <span class='ocrx_word' id='word_1_312' title='bbox 2212 3994 2475 4078; x_wconf 82' lang='lat' dir='ltr'><strong>depingi</strong></span> <span class='ocrx_word' id='word_1_313' title='bbox 2497 4037 2517 4075; x_wconf 95' lang='lat'><strong>,</strong></span> <span class='ocrx_word' id='word_1_314' title='bbox 2569 3992 2737 4055; x_wconf 86' lang='lat' dir='ltr'><strong>sicut</strong></span> 
     </span>
     <span class='ocr_line' id='line_1_35' title="bbox 391 4100 2741 4188; baseline -0.003 -21"><span class='ocrx_word' id='word_1_315' title='bbox 391 4111 458 4166; x_wconf 85' lang='lat' dir='ltr'><strong>et</strong></span> <span class='ocrx_word' id='word_1_316' title='bbox 497 4104 644 4186; x_wconf 85' lang='lat' dir='ltr'><strong>alia,</strong></span> <span class='ocrx_word' id='word_1_317' title='bbox 684 4111 756 4167; x_wconf 86' lang='lat' dir='ltr'><strong>nt</strong></span> <span class='ocrx_word' id='word_1_318' title='bbox 795 4104 1066 4186; x_wconf 75' lang='lat' dir='ltr'><strong>patebit:</strong></span> <span class='ocrx_word' id='word_1_319' title='bbox 1140 4103 1512 4188; x_wconf 75' lang='lat' dir='ltr'><strong>Receperat</strong></span> <span class='ocrx_word' id='word_1_320' title='bbox 1555 4103 1723 4166; x_wconf 89' lang='lat' dir='ltr'><strong>enim</strong></span> <span class='ocrx_word' id='word_1_321' title='bbox 1769 4119 1991 4167; x_wconf 82' lang='lat' dir='ltr'><strong>secum</strong></span> <span class='ocrx_word' id='word_1_322' title='bbox 2024 4100 2436 4183; x_wconf 83' lang='lat' dir='ltr'><strong>ingeniosum</strong></span> <span class='ocrx_word' id='word_1_323' title='bbox 2470 4106 2540 4161; x_wconf 83' lang='lat' dir='ltr'><strong>et</strong></span> <span class='ocrx_word' id='word_1_324' title='bbox 2585 4112 2741 4159; x_wconf 84' lang='lat' dir='ltr'><strong>eru-</strong></span> 
     </span>
     <span class='ocr_line' id='line_1_36' title="bbox 390 4204 2739 4291; baseline -0.004 -21"><span class='ocrx_word' id='word_1_325' title='bbox 390 4204 596 4271; x_wconf 88' lang='lat' dir='ltr'><strong>ditum</strong></span> <span class='ocrx_word' id='word_1_326' title='bbox 632 4209 965 4290; x_wconf 78' lang='lat' dir='ltr'><strong>pictorem,</strong></span> <span class='ocrx_word' id='word_1_327' title='bbox 1007 4226 1198 4291; x_wconf 81' lang='lat' dir='ltr'><strong>quem</strong></span> <span class='ocrx_word' id='word_1_328' title='bbox 1242 4209 1450 4290; x_wconf 89' lang='lat' dir='ltr'><strong>pretio</strong></span> <span class='ocrx_word' id='word_1_329' title='bbox 1495 4205 1840 4289; x_wconf 80' lang='lat' dir='ltr'><strong>conduxit,</strong></span> <span class='ocrx_word' id='word_1_330' title='bbox 1880 4207 1997 4289; x_wconf 84' lang='lat' dir='ltr'><strong>qni</strong></span> <span class='ocrx_word' id='word_1_331' title='bbox 2042 4224 2083 4269; x_wconf 85' lang='lat' dir='ltr'><strong>a</strong></span> <span class='ocrx_word' id='word_1_332' title='bbox 2140 4206 2492 4270; x_wconf 79' lang='lat' dir='ltr'><strong>venetiano</strong></span> <span class='ocrx_word' id='word_1_333' title='bbox 2549 4209 2739 4283; x_wconf 89' lang='lat' dir='ltr'><strong>portu</strong></span> 
     </span>
     <span class='ocr_line' id='line_1_37' title="bbox 385 4305 2739 4401; baseline -0.003 -28"><span class='ocrx_word' id='word_1_334' title='bbox 385 4318 452 4373; x_wconf 89' lang='lat' dir='ltr'><strong>et</strong></span> <span class='ocrx_word' id='word_1_335' title='bbox 490 4310 804 4401; x_wconf 69' lang='lat' dir='ltr'><strong>deinqpps</strong></span> <span class='ocrx_word' id='word_1_336' title='bbox 844 4312 1160 4393; x_wconf 77' lang='lat' dir='ltr'><strong>potiorum</strong></span> <span class='ocrx_word' id='word_1_337' title='bbox 1203 4312 1540 4377; x_wconf 79' lang='lat' dir='ltr'><strong>civitatum</strong></span> <span class='ocrx_word' id='word_1_338' title='bbox 1583 4321 1653 4374; x_wconf 84' lang='lat' dir='ltr'><strong>et</strong></span> <span class='ocrx_word' id='word_1_339' title='bbox 1691 4311 1977 4376; x_wconf 82' lang='lat' dir='ltr'><strong>locorum</strong></span> <span class='ocrx_word' id='word_1_340' title='bbox 2020 4311 2435 4375; x_wconf 78' lang='lat' dir='ltr'><strong>habitudines</strong></span> <span class='ocrx_word' id='word_1_341' title='bbox 2486 4314 2554 4367; x_wconf 84' lang='lat' dir='ltr'><strong>et</strong></span> <span class='ocrx_word' id='word_1_342' title='bbox 2596 4305 2739 4367; x_wconf 72' lang='lat' dir='ltr'><strong>for·-</strong></span> 
     </span>
     <span class='ocr_line' id='line_1_38' title="bbox 389 4409 2739 4502; baseline -0.003 -24"><span class='ocrx_word' id='word_1_343' title='bbox 389 4431 532 4478; x_wconf 83' lang='lat' dir='ltr'><strong>mas</strong></span> <span class='ocrx_word' id='word_1_344' title='bbox 571 4413 904 4499; x_wconf 77' lang='lat' dir='ltr'><strong>figuraret,</strong></span> <span class='ocrx_word' id='word_1_345' title='bbox 949 4414 1122 4497; x_wconf 85' lang='lat' dir='ltr'><strong>quod</strong></span> <span class='ocrx_word' id='word_1_346' title='bbox 1163 4425 1229 4479; x_wconf 92' lang='lat' dir='ltr'><strong>et</strong></span> <span class='ocrx_word' id='word_1_347' title='bbox 1273 4414 1733 4502; x_wconf 71' lang='lat' dir='ltr'><strong>magistraliter</strong></span> <span class='ocrx_word' id='word_1_348' title='bbox 1770 4425 1836 4480; x_wconf 89' lang='lat' dir='ltr'><strong>et</strong></span> <span class='ocrx_word' id='word_1_349' title='bbox 1870 4418 2128 4500; x_wconf 73' lang='lat' dir='ltr'><strong>proprie</strong></span> <span class='ocrx_word' id='word_1_350' title='bbox 2169 4415 2341 4481; x_wconf 83' lang='lat' dir='ltr'><strong>fecit.</strong></span> <span class='ocrx_word' id='word_1_351' title='bbox 2411 4409 2536 4475; x_wconf 86' lang='lat' dir='ltr'><strong>Cui</strong></span> <span class='ocrx_word' id='word_1_352' title='bbox 2582 4424 2739 4491; x_wconf 82' lang='lat' dir='ltr'><strong>ergo</strong></span> 
     </span>
    </p>
   </div>
  </div>
 </body>
</html>
