3242 5259
1442 373 1565 458 195

327 571 687 659 praemisso
726 569 1010 657 quodam
1059 585 1202 632 raro
1238 568 1570 654 dyptongo
1606 578 1672 632 et
1716 570 1938 636 fractis
1966 569 2031 633 in
2088 577 2349 654 gutture
2398 569 2675 655 syllabis

327 698 457 743 non
506 677 727 758 Felix,
791 672 911 736 sed
954 659 1274 755 qu'oddam
1331 694 1576 750 nomen
1609 671 1766 738 mihi
1807 672 2277 758 inexprimibile
2340 675 2489 739 loco
2529 675 2673 758 ejus

330 783 679 866 ponebant.
759 777 947 842 Illam
1008 776 1451 841 difficultatem
1507 796 1658 842 cum
1700 778 1812 843 illo
1855 780 2112 842 nomine
2172 785 2403 862 postea
2444 780 2673 842 melius

329 883 571 950 notavi.
649 884 805 946 *Fuit
850 883 1019 945 enim
1063 882 1217 945 mihi
1282 882 1617 946 familiaris
1682 884 1894 947 factus
1938 882 2197 966 quidam
2252 883 2675 971 sarracenus,

337 990 609 1056 Calinus
664 991 903 1070 minor,
967 987 1078 1070 qui
1139 986 1377 1051 italicis
1437 989 1659 1052 verbis
1701 988 2089 1071 aliquotiens
2148 990 2411 1072 petivit*
2441 1009 2675 1054 nomen

330 1116 562 1161 meum.
667 1094 793 1160 Cui
856 1110 1002 1158 cum
1062 1112 1206 1156 eum
1271 1093 1553 1157 dicerem
1578 1138 1599 1177 ,
1656 1094 1841 1158 nullu
1897 1094 2086 1158 modo
2150 1102 2403 1177 poterat
2466 1096 2673 1177 ipsum

330 1204 722 1286 exprimere,
764 1198 883 1262 sed
927 1198 1229 1262 horribile
1269 1198 1596 1283 quoddam
1655 1219 1887 1263 nomen
1932 1197 2077 1264 loeo
2141 1199 2287 1282 ejus
2331 1201 2677 1290 espressit,

331 1306 414 1371 de
459 1324 586 1391 quo
628 1306 940 1387 mirabar,
1002 1322 1150 1368 cum
1191 1303 1386 1368 suerit
1427 1306 1495 1368 in
1540 1305 1762 1388 lingua
1824 1304 2042 1368 italica
2109 1307 2374 1389 peritus.
2464 1303 2677 1383 Quam

330 1413 548 1475 statim
608 1429 765 1493 ergo
809 1428 1044 1473 nomen
1106 1409 1433 1493 peregrini
1475 1419 1543 1472 et.
1591 1411 1697 1478 sui
1749 1410 2067 1495 genitoris
2108 1410 2488 1494 inscriptum
2536 1412 2676 1494 fuit,

333 1514 593 1580 fuerunt
652 1515 741 1578 ibi
805 1514 1150 1578 Sarraceni
1208 1515 1530 1598 deputati,
1604 1516 1716 1599 qui
1771 1535 1924 1580 mox
1990 1517 2199 1600 ipsum
2263 1517 2677 1600 pereffiuum

333 1629 711 1703 rapuerunt,
771 1629 835 1682 et
895 1621 1231 1683 trahebant
1273 1619 1357 1682 ad
1397 1619 1727 1682 introitum
1787 1620 2127 1704 cujusdam
2184 1621 2569 1688 tenebrosae
2612 1629 2680 1684 et

333 1733 637 1789 vetustae
675 1725 1091 1798 habitationis
1133 1727 1434 1788 ruinosae
1473 1724 1854 1809 testudinis,
1912 1726 1980 1790 in
2021 1744 2216 1809 quam
2257 1727 2467 1808 ipsum
2512 1741 2677 1789 con·-

333 1830 707 1912 trudebant,
777 1831 948 1892 sicut
1009 1831 1156 1893 ovis
1212 1830 1347 1914 jam
1413 1830 1803 1914 emulgenda
1867 1832 2161 1896 emitrudi
2220 1832 2289 1894 in
2353 1830 2676 1893 stabulum

332 1937 518 2000 solet.
557 1929 709 2018 (B)
745 1929 944 1998 Porro
986 1934 1054 1997 in
1096 1936 1239 2017 ipsa
1272 1934 1585 2018 spelunca
1624 1939 1960 2019 septennis
1994 1946 2091 1999 est
2115 1935 2514 2020 indulgentia
2533 1937 2675 2020 st),

337 2057 528 2124 quam
570 2027 990 2125 consequitur
1047 2041 1463 2123 peregrinus,
1538 2041 1692 2104 dum
1754 2041 1990 2107 devote
2064 2041 2401 2125 ingressus
2464 2033 2674 2105 fuerit.

335 2149 420 2208 Et
482 2145 778 2209 dicuntur
837 2145 1001 2207 haec
1062 2145 1415 2227 speluncae
1474 2148 1741 2210 cellaria
1794 2146 1866 2209 S.
1924 2144 2120 2214 Petri.
2227 2145 2500 2240 ltropter
2557 2147 2679 2212 has

337 2249 772 2334 indulgentias
816 2260 880 2312 et
922 2250 1085 2312 alias
1114 2251 1608 2338 consequendas
1651 2249 1833 2313 multi
1866 2249 1949 2312 de
1981 2250 2346 2333 peregrinis
2392 2247 2680 2313 fecerant

339 2357 520 2439 prius
561 2357 629 2419 in
691 2353 901 2438 galeis
944 2355 1098 2419 mihi
1142 2363 1208 2417 et
1266 2353 1412 2417 aliis
1466 2373 1626 2418 suas
1673 2354 2162 2436 confessiones,
2224 2364 2291 2418 et
2332 2355 2531 2438 aliqui
2570 2358 2680 2420 hic

338 2462 403 2523 in
447 2461 633 2523 litore
675 2460 871 2522 maris
914 2459 1404 2526 confitebantur.
1448 2459 1656 2542 Igitur
1698 2476 1845 2522 cum
1888 2461 1952 2522 in
1989 2459 2338 2542 speluncas
2380 2478 2681 2525 essemus

337 2565 607 2646 intrusi,
651 2565 1020 2626 invenimus
1059 2564 1269 2646 ipsum
1318 2563 1530 2625 locum
1574 2565 1929 2626 mansionis
1972 2572 2234 2626 nostrae
2276 2566 2680 2630 abominabi-

338 2668 486 2731 liter
541 2666 867 2730 foedatum
923 2676 990 2729 et
1065 2667 1469 2750 deturpatum
1541 2668 1730 2731 urina
1785 2678 1865 2731 et.
1919 2667 2217 2730 Immanis
2278 2672 2681 2738 stercoribus

339 2779 606 2835 necerat
650 2770 834 2834 locus
877 2772 1146 2836 sedendi
1207 2775 1332 2837 nisi
1384 2773 1451 2834 in
1509 2767 1928 2850 stercoribus.
2013 2772 2171 2836 Ideo
2234 2775 2682 2857 unusquisque

340 2875 640 2940 locellum
683 2894 802 2957 pro
843 2895 964 2940 suo
1007 2878 1390 2961 corpusculo
1446 2878 1801 2960 cogebatur
1862 2878 2206 2960 mundare,
2272 2886 2339 2940 et
2390 2885 2682 2944 stercora

338 2981 614 3067 pedibus
654 2999 989 3044 removere
1018 2983 1104 3046 ad
1143 2982 1456 3046 medium:
1500 2981 1675 3044 unde
1709 2982 1948 3044 factum
1987 2993 2114 3064 est,
2148 2981 2323 3066 quod
2364 2983 2430 3044 in
2470 2983 2707 3048 medio·

340 3085 690 3152 habitaculi
764 3095 1120 3169 congestus
1187 3087 1306 3150 fuit
1372 3103 1646 3170 magnus
1688 3085 1987 3150 cumulus
2044 3095 2401 3151 stercorum
2446 3097 2514 3154 et
2555 3090 2683 3151 im-

342 3191 809 3257 munditiarum.
862 3193 947 3254 Et
989 3190 1347 3255 locavimus
1385 3210 1506 3255 nos
1541 3189 1623 3253 ad
1650 3194 1935 3276 parietes
1966 3211 2083 3274 per
2103 3193 2439 3257 circuitum
2471 3213 2682 3259 unus-

344 3297 620 3381 quisque
682 3295 764 3359 ad
839 3297 1008 3360 latus
1070 3297 1367 3380 alterius,
1427 3298 1600 3360 sicut
1650 3299 1720 3360 in
1781 3295 2009 3381 galea,
2075 3314 2273 3379 super
2334 3298 2571 3363 nudam
2616 3309 2683 3364 et

343 3401 663 3466 madidam
725 3402 1007 3466 humum.
1093 3403 1269 3467 Ecce
1327 3419 1521 3485 quam
1576 3402 1885 3470 miserum
1949 3395 2439 3486 punninchova,
2489 3413 2679 3486 quam

344 3507 783 3571 defectuosum
828 3509 1208 3590 hospitium,
1252 3526 1444 3590 quam
1488 3506 1885 3571 immundum
1931 3501 2399 3572 habitaculum!
2468 3509 2684 3576 Nun-

346 3613 501 3697 quid
544 3616 774 3676 merito
833 3623 1061 3697 posset
1124 3614 1507 3696 peregrinus
1562 3611 1840 3675 devotus
1903 3619 1968 3673 et
2012 3610 2155 3675 Deo
2210 3597 2553 3702 familiai-i·
2599 3631 2684 3682 ex

343 3719 454 3802 pia
493 3719 892 3801 impatientia
934 3718 1045 3780 vel
1088 3720 1302 3801 potius
1347 3716 1765 3780 admiratione
1826 3717 2149 3799 querulari
2211 3726 2277 3779 ot
2324 3717 2584 3790 dicere:
2644 3739 2684 3781 o

342 3823 622 3886 Domine
660 3823 861 3907 Jesu,
906 3824 1080 3906 quali
1123 3822 1482 3888 curialitate
1525 3823 1762 3905 recipis
1805 3830 1953 3884 tuos
1996 3824 2417 3920 peregrinos,
2473 3834 2685 3888 terras

345 3938 495 3991 tuae
542 3938 815 3991 sanctae
845 3924 1182 4011 hospites?
1228 3928 1309 3991 de
1349 3928 1796 3991 transmarinis
1838 3936 1905 3989 ot
1947 3928 2282 4010 cisalpinis
2326 3939 2392 3998 et
2435 3925 2518 3993 de
2558 3950 2684 3993 ex-

349 4035 571 4097 tremis
597 4035 817 4098 mundi
844 4035 1132 4117 partibus
1172 4035 1550 4116 venientes,
1592 4039 1665 4098 ut
1700 4034 1919 4096 curiae
1960 4041 2113 4096 tuae
2134 4029 2210 4098 s'e
2246 4019 2685 4120 praesentent,

350 4147 416 4200 te
454 4140 792 4224 honorent,
836 4159 1041 4224 seque
1083 4151 1390 4225 tanquam
1429 4140 1666 4203 milites
1711 4141 1851 4222 regi
1880 4157 2013 4203 suo
2060 4140 2427 4226 subjiciant.
2469 4141 2539 4204 N
2542 4159 2687 4206 um-

348 4244 538 4328 quid,
578 4246 871 4327 piissime
911 4246 1111 4329 Jesu‚
1160 4255 1420 4329 propter
1463 4254 1530 4308 te
1572 4255 1751 4312 tanto
1808 4245 2039 4308 itinere
2102 4245 2300 4309 fessis
2344 4256 2406 4308 et
2453 4246 2689 4327 longae

350 4350 501 4411 viae
543 4349 762 4414 labore
804 4348 1123 4414 confectis
1160 4348 1476 4414 debueras
1523 4352 1751 4426 melius
1794 4361 2120 4432 sternere,
2176 4369 2368 4436 quam
2410 4353 2479 4414 in
2520 4352 2723 4436 irre„

353 4463 648 4519 natorum
710 4456 1133 4521 foetidissimo
1197 4452 1532 4519 stercore?
1618 4455 1950 4542 Numquid
2023 4473 2159 4522 nou
2220 4455 2424 4519 habes
2493 4453 2687 4516 alium

2142 4553 2210 4613 13
2233 4555 2267 4591 ¹⁸⁸
