3242 5259
279 510 459 562 tunc
501 497 677 561 audit
720 495 1086 562 horribilem
1153 497 1489 562 tumultum
1511 542 1532 580 ,
1597 499 1772 561 sicut
1835 507 2091 583 egomet
2147 518 2345 583 saepe
2406 499 2648 566 audivi.

273 603 653 687 Simplices
693 602 819 666 hoc
852 601 1189 667 audientes
1232 610 1553 665 terrentur
1595 603 1885 686 multum,
1930 612 1997 666 et
2026 603 2273 688 dicunt,
2312 605 2394 668 de
2417 608 2650 670 subtus

276 726 456 773 esse
497 709 954 792 purgatorium,
1001 717 1067 770 et
1108 706 1388 771 sonitum
1440 706 1620 771 illum
1662 711 1918 771 causari
1939 728 2025 774 ex
2063 709 2352 773 illatione
2398 730 2649 794 poena-

277 833 469 897 rum,
507 822 572 876 et
614 831 699 875 ex
741 813 955 896 rugitu
1000 821 1326 877 tortorum.
1389 811 1525 876 Sed
1569 832 1695 896 ego
1737 814 2056 897 existimo,
2100 815 2272 896 quod
2298 835 2382 879 ex
2424 817 2650 881 deam-
2707 900 2710 902 Α

274 916 634 982 bulatione
669 919 969 1000 superius
1014 919 1081 982 in
1126 918 1363 1002 templo
1407 926 1716 982 causetur
1764 919 2033 983 inferius
2074 921 2226 982 talis
2267 923 2541 984 sonitus

470 1023 661 1085 quta
701 1031 1046 1106 utrumque
1086 1023 1261 1086 latus
1301 1023 1619 1107 graduum
1662 1034 1816 1087 sunt
1878 1042 2204 1088 cavernae
2249 1042 2527 1108 magnae
2587 1035 2651 1088 et

279 1128 501 1210 altae,
545 1127 747 1209 petris
790 1127 1096 1210 incissae‚
1143 1146 1309 1211 quae
1352 1129 1614 1191 fuerunt
1667 1127 1959 1211 capellae
2010 1135 2442 1192 consecratae
2497 1128 2648 1192 olim

276 1251 452 1296 cum
503 1231 812 1296 altaribus
842 1240 909 1294 et
951 1234 1212 1316 penitus
1273 1244 1425 1297 sunt
1471 1234 1674 1315 (114
1690 1233 1790 1315 Α)
1834 1235 2084 1319 absque
2111 1233 2367 1297 lumine.
2413 1234 2652 1296 Mirum

273 1346 399 1402 est
416 1335 644 1399 videre
663 1336 1070 1420 antiquorum
1093 1336 1502 1402 devotionem
1546 1340 1614 1403 in
1640 1340 1743 1403 his
1763 1349 1827 1402 et
1861 1341 2199 1404 similibus.
2242 1340 2387 1402 Duo
2417 1338 2653 1402 altaria

276 1443 499 1509 habet
515 1441 678 1504 haec
696 1442 969 1525 capella,
985 1452 1047 1505 et
1057 1441 1248 1524 juxta
1269 1445 1477 1527 majus
1511 1444 1718 1507 altare
1743 1444 1826 1508 ad
1846 1446 2019 1509 latus
2040 1446 2337 1509 dextrum
2381 1450 2485 1506 est
2524 1460 2655 1506 una

278 1546 622 1613 cathedra
663 1565 864 1610 saxea
884 1555 949 1609 et
963 1547 1153 1630 juxta
1182 1549 1554 1613 cathedram
1579 1549 1865 1613 fenestra
1894 1570 2013 1633 per
2031 1561 2297 1634 petram,
2324 1567 2442 1631 per
2459 1565 2652 1632 quam

277 1663 398 1718 est
424 1661 767 1737 respectus
784 1652 851 1715 in
885 1653 1140 1716 foveam
1158 1653 1451 1736 inferius,
1483 1655 1699 1738 in'qua
1738 1664 1968 1719 sancta
2011 1673 2173 1718 crux
2202 1655 2321 1717 fuit
2361 1655 2649 1716 inventa.

278 1760 380 1823 Et
435 1757 681 1841 dicunt,
727 1756 899 1839 quod
942 1757 1090 1820 dum
1115 1757 1371 1822 Helena
1407 1768 1700 1824 sanctam
1729 1762 2093 1844 invenisset
2129 1777 2406 1843 crucem,
2449 1760 2652 1841 primo

277 1866 475 1930 hanc
513 1861 828 1946 capellam
873 1860 1260 1945 aedificavit,
1309 1872 1375 1926 et
1417 1865 1487 1927 in
1528 1863 1641 1927 illa
1683 1863 1991 1929 cathedra
2031 1864 2274 1929 sedens
2347 1866 2653 1927 continue

276 1972 352 2034 in
403 1967 811 2053 speluncam,
853 1967 962 2030 ubi
1002 1984 1260 2030 crucem
1304 1969 1666 2053 invenerat,
1691 1972 1916 2035 oculos
1944 1969 2221 2054 conjecit
2265 1988 2381 2054 per
2425 1969 2652 2032 fenes-

280 2087 501 2158 tram,
568 2080 638 2135 et
686 2090 943 2155 semper
995 2073 1082 2135 ibi
1138 2092 1439 2158 manens,
1510 2075 2029 2141 aedificatoribus
2088 2077 2357 2139 formam
2430 2072 2653 2155 templi

213 2185 228 2192 ‘
280 2176 598 2264 erigendi
640 2177 918 2262 tradidit,
963 2188 1027 2242 et
1070 2180 1401 2261 impensas
1444 2181 1684 2263 solvit,
1724 2187 1789 2239 et
1829 2179 1895 2239 in
1960 2180 2323 2243 tenebrosis
2382 2178 2655 2261 capellis

283 2283 613 2350 lectulum
649 2301 837 2348 suum
879 2283 1120 2367 habuit,
1165 2294 1231 2347 et
1273 2287 1360 2349 ibi
1404 2305 1550 2349 cum
1606 2281 1861 2348 ancillis
1905 2284 2049 2345 suis
2092 2283 2322 2346 diebus
2380 2290 2447 2344 et
2489 2299 2654 2344 noc-

285 2394 481 2457 tibus
526 2391 787 2473 mansit,
831 2406 1171 2473 quousque
1213 2398 1351 2452 tota
1394 2391 1679 2454 ecclesia
1721 2397 2167 2452 consummata
2225 2388 2360 2450 fuit.
2462 2388 2654 2449 Hanc

284 2494 622 2581 capellam
663 2494 908 2557 nonulli
944 2495 1277 2557 nominant
1321 2496 1665 2559 ecclesiam
1711 2492 1780 2556 S.
1831 2493 2088 2575 Jacobi,
2139 2493 2453 2574 dicentes,
2478 2488 2651 2575 quod

292 2604 372 2667 S.
421 2601 745 2681 Jacobus,
787 2601 1033 2681 primus
1077 2601 1145 2661 in
1183 2599 1550 2663 Jerusalem
1616 2600 1964 2683 episcopus
1984 2644 2004 2682 ,
2069 2597 2157 2660 ibi
2202 2596 2426 2659 sedem
2468 2614 2655 2658 suam

290 2705 633 2785 habuerit,
676 2712 739 2766 et
782 2704 929 2768 ideo
970 2706 1167 2769 etiam
1208 2707 1416 2792 ipsam
1486 2705 1857 2769 cathedram
1912 2703 2244 2768 nominant
2305 2699 2375 2761 S.
2418 2699 2650 2762 Jacobi

294 2808 556 2875 sedem.
643 2808 776 2873 Sed
823 2811 948 2875 hoc
992 2819 1094 2873 est
1135 2822 1361 2875 contra
1402 2811 1738 2894 rationem,
1783 2829 1931 2873 cum
1972 2817 2264 2890 tempore
2308 2803 2377 2866 S.
2422 2803 2654 2867 Jacobi

291 2913 484 2980 nulla
550 2913 736 2977 suerii
799 2915 888 2977 ibi
949 2915 1265 2998 ecclesia,
1325 2913 1444 2978 sed
1504 2915 1688 2979 locus
1757 2923 1945 2977 extra
2004 2912 2223 2975 urbem
2301 2909 2655 2994 despectus

298 3028 577 3105 propter
617 3027 901 3084 montem
946 3018 1312 3090 Calvariae.

456 3241 581 3316 De
653 3242 1023 3343 spelunca,
1073 3242 1145 3318 in
1194 3266 1333 3342 qua
1383 3248 1642 3316 sancta
1691 3260 1874 3314 crux
1922 3237 2060 3315 fnit
2099 3236 2393 3313 inventa
2449 3262 2496 3310 a

1274 3361 1358 3439 S.
1409 3359 1718 3436 Helena.

473 3534 581 3598 De
621 3534 746 3597 hac
789 3532 1040 3614 capella
1081 3531 1351 3595 ulterius
1384 3528 1845 3593 descendimus
1876 3545 1997 3610 per
2028 3525 2193 3589 xvl
2241 3524 2507 3609 gradus,
2544 3528 2656 3609 qui

305 3638 389 3702 ad
433 3639 612 3702 latus
656 3638 950 3703 dextrum
990 3645 1163 3719 sunt,
1209 3654 1352 3700 cum
1376 3644 1573 3698 cantu
1617 3632 1700 3696 de
1731 3640 1960 3695 sancta
2007 3646 2220 3712 cruce,
2257 3639 2322 3693 et
2363 3631 2433 3692 in
2467 3629 2658 3694 aliam

304 3743 628 3826 capellam
669 3743 970 3806 venimus
1009 3743 1269 3824 penitus
1329 3739 1759 3820 tenebrosam,
1805 3744 1872 3798 et
1913 3734 2155 3798 lumine
2216 3734 2382 3797 coeli
2424 3747 2659 3797 caren-

307 3858 460 3933 tem,
503 3846 909 3931 lampadibus
931 3856 1150 3910 tamen
1187 3844 1406 3910 multis
1434 3844 1841 3907 illustratam.
1886 3842 1964 3904 In
1994 3842 2123 3903 imo
2159 3839 2336 3903 illitis
2369 3840 2660 3922 capellae

310 3962 409 4016 est
457 3955 654 4017 fovea
691 3953 812 4017 sub
859 3972 1016 4036 rupe
1053 3948 1594 4034 superpendente,
1660 3947 1854 4010 xxn
1896 3944 2102 4028 pedes
2147 3945 2397 4009 habens
2441 3945 2661 4027 longl-

310 4057 577 4143 tudinis,
622 4059 689 4121 in
726 4075 855 4141 qua
894 4066 1124 4123 sancta
1180 4054 1556 4139 imperatrix
1597 4052 1856 4116 Helena
1908 4051 2449 4134 pretiosissimum
2511 4033 2705 4113 the-J

312 4177 574 4226 santum
619 4162 884 4246 invenit,
929 4163 1040 4246 qui
1081 4161 1249 4226 ultra
1291 4157 1469 4223 CCC
1512 4176 1718 4222 annos
1760 4157 1851 4221 ibi
1893 4157 2095 4220 latuit.
2168 4155 2443 4238 Repetit
2486 4154 2657 4218 enim

315 4265 404 4328 ibi
445 4285 675 4332 cruces
719 4277 876 4352 tres,
920 4268 1166 4352 clavos,
1210 4266 1501 4351 spineam
1546 4279 1849 4328 coronam
1874 4309 1894 4347 ,
1938 4260 2222 4326 tabulam
2273 4258 2440 4323 tituli
2482 4261 2661 4320 cruci

323 4373 810 4460 mnemositam,
857 4375 1093 4438 Ferrum
1135 4372 1422 4455 lanceae,
1467 4387 1594 4454 quo
1640 4368 1884 4436 Christi
1929 4384 2044 4432 cor
2085 4366 2206 4430 fuit
2258 4362 2660 4447 transfixum,
