3242 5259
1435 358 1523 424 83

304 538 782 607 collidebantur
823 555 1067 623 proraq
1096 537 1185 605 ud
1226 488 1535 624 invicem}
1552 528 1659 604 ‘'ex
1700 561 1838 626 quo
1874 546 2098 606 nostra
2137 543 2332 606 barca
2372 543 2440 609 in
2482 542 2655 607 latus

304 649 427 712 fnit
470 646 740 711 detrusa
764 645 1047 729 ·1mpetu,
1093 655 1158 709 et
1198 662 1399 729 super
1438 647 1764 731 quendam
1807 647 2024 731 palum
2063 624 2138 709 ini
2178 666 2413 732 aquam
2449 642 2652 715 fixssm

302 740 621 836 impulsa‘
654 750 1022 814 minabatur
1094 752 1504 816 eversionem
1579 752 1664 816 ad
1723 752 1893 817 latus
1904 750 1958 837 ‚‘
1990 752 2268 837 (8222)
2336 740 2654 837 et⁹quffi

306 875 571 923 eversa·
608 856 845 919 fuisset
908 873 1056 919 cum
1116 857 1486 921 hominibus
1528 866 1598 920 et
1653 859 1885 942 rebus,
1951 868 2015 922 et
2057 858 2266 951 ‚valde
2333 861 2653 941 perterriti

306 962 569 1049 fuimus.
667 958 981 1027 Naucleri
1042 972 1260 1028 autem
1319 961 1401 1025 de
1467 964 1780 1027 ambabus
1835 946 2118 1026 navib'us
2167 964 2652 1028 conclamantes

307 1066 782 1133 maledixerunt
845 1065 1205 1150 alterutris,
1272 1076 1339 1131 et
1395 1069 1490 1131 ita
1550 1071 2013 1152 processimus.
2110 1068 2273 1133 Post
2331 1068 2651 1135 modicam

304 1192 553 1239 moram
593 1171 875 1236 occurrit
915 1172 1106 1236 nobis
1148 1173 1278 1236 alia
1318 1174 1516 1238 barca
1554 1192 1705 1239 eum
1756 1176 1995 1239 sociis:
2040 1182 2106 1237 et
2149 1192 2320 1237 unus
2367 1177 2651 1241 iuterro-

305 1281 492 1362 gavit
526 1295 669 1361 nos,
693 1277 778 1340 ad
821 1276 993 1360 quod
1035 1278 1384 1361 hospitium
1426 1279 1756 1373 declinare
1787 1278 2270 1349 intenderemus
2291 1274 2646 1343 venetiis?

306 1382 437 1449 Cui
486 1401 639 1447 cum
725 1382 1120 1467 diceremus,
1195 1383 1278 1447 ad
1355 1383 1669 1449 Sanctum
1749 1382 2094 1468 Gentium,
2169 1384 2279 1448 ubi
2351 1382 2649 1449 dominus

302 1488 642 1553 Johanues
686 1486 770 1552 de
830 1478 1161 1572 OEmbern
1247 1488 1654 1572 disposuerat
1667 1480 1690 1555 'z
1753 1492 1998 1573 incepit
2053 1489 2170 1553 ille
2247 1478 2650 1571 vilipendere

305 1602 372 1658 et
421 1594 747 1676 hospitem
808 1602 875 1657 et
928 1594 1276 1677 hospitium
1292 1639 1310 1672 ,
1375 1603 1443 1658 et
1484 1595 1656 1669 mala
1695 1596 2074 1678 praedicata
2114 1595 2524 1661 exclamabat
2565 1594 2649 1657 de

303 1699 597 1783 hospite,
638 1709 824 1763 stans
883 1715 1084 1782 super
1137 1718 1429 1783 proram,
1494 1709 1560 1763 et
1619 1702 1978 1764 conabatur
2025 1718 2149 1763 nos
2191 1707 2522 1782 avertere,
2581 1707 2649 1761 et

305 1803 629 1887 quoddam
669 1800 849 1867 aliud
911 1794 1103 1879 nobis
1146 1803 1629 1870 demonstrabat
1682 1806 2052 1888 hospitium.
2146 1804 2247 1871 Eo
2289 1803 2390 1867 sic
2430 1812 2649 1869 stmt'e

303 1907 371 1970 in
413 1927 607 1991 prora
659 1917 727 1970 et
770 1925 922 1972 cum
982 1908 1268 1973 clamore
1306 1909 1654 1993 suadente,
1718 1910 1933 1973 subito
1975 1926 2203 1973 casum
2246 1908 2536 1993 accepit,
2581 1916 2648 1971 et

307 2011 389 2075 de
427 2032 621 2096 prora
659 2033 856 2077 ruens
894 2016 962 2077 in
1006 2033 1184 2079 mare
1226 2014 1480 2081 cecidfl.
1527 2011 1657 2092 Qui
1699 2033 1848 2079 cum
1892 2013 2106 2093 multo,
2124 2014 2346 2079 labore
2381 2031 2644 2097 suorum

304 2119 625 2183 sociorum
694 2120 818 2182 fuit
904 2128 1237 2184 extractus
1312 2128 1380 2184 et
1440 2139 1482 2183 a
1539 2128 1747 2184 morte
1821 2128 2104 2203 ereptus.
2201 2119 2366 2183 Erat
2425 2120 2645 2189 aufem

303 2223 601 2287 vestibus
640 2226 833 2288 novis
874 2226 1107 2289 sericis
1147 2226 1451 2308 indutus,
1491 2226 1662 2308 quae
1705 2224 1900 2289 simul
1943 2243 2090 2290 cum
2126 2242 2205 2288 eo
2258 2225 2644 2307 baptismum

302 2338 725 2411 acceperunt:
770 2329 943 2393 unde
973 2349 1250 2414 magnus
1279 2333 1451 2395 risus
1486 2332 1555 2392 in
1588 2306 1814 2393 nostia
1843 2329 2147 2394 navicula
2181 2330 2306 2395 fuit
2353 2332 2644 2400 exortu.

306 2431 802 2517 Consequenter
880 2437 1270 2519 navigantes
1343 2430 1523 2498 ant&
1585 2434 1813 2499 oeulos
1904 2435 2248 2500 habuimus
2332 2426 2670 2519 inclytam*

304 2538 669 2623 civitatem,
713 2557 1067 2626 magnam‚·
1112 2543 1463 2624 pretiosam
1518 2548 1584 2603 et
1627 2540 1905 2605 nobilem
1949 2541 2404 2625 venetiarum,
2441 2543 2643 2605 maris
2689 2532 2702 2581 :
2737 2606 2774 2639 -·.
2813 2560 2822 2569 ·

303 2645 525 2727 magni
567 2643 921 2730 dominam,
962 2648 1033 2710 in
1076 2645 1266 2729 aquis
1307 2644 1683 2709 mirabiliter
1721 2645 2218 2729 subsistentem,
2259 2664 2411 2711 eum
2451 2646 2674 2709 altis--

304 2750 493 2812 simis
552 2751 834 2814 turribus
901 2759 968 2813 et
1043 2749 1327 2814 excelsis
1383 2749 1717 2831 occheim,
1782 2759 1864 2829 et.
1905 2749 2201 2814 domibus
2248 2767 2327 2812 ac
2384 2748 2644 2832 palatiis
2705 2714 2730 2739 ’

304 2853 754 2921 eminentibus.
839 2855 931 2918 Et
990 2864 1133 2919 erat
1193 2855 1385 2918 nobis
1438 2864 1666 2938 stupor
1726 2853 1955 2917 videre
2008 2864 2143 2919 tam
2207 2855 2640 2937 gravissimas

303 2956 510 3022 moles
554 2967 621 3022 et
666 2958 836 3023 altas
879 2968 1239 3024 structuras
1278 2962 1350 3022 in
1402 2962 1593 3043 aquis
1645 2961 2049 3023 constitutas.
2136 2958 2423 3023 Tandem
2469 2958 2639 3021 civi-

304 3069 502 3127 tatem
523 3064 809 3148 ingressi
838 3046 1065 3130 sumus
1085 3066 1369 3150 navigio,
1393 3072 1459 3127 et
1477 3083 1596 3148 per
1615 3064 1845 3127 canale
1863 3083 2167 3148 magnum
2188 3066 2641 3153 navigavimus

302 3176 527 3233 contra
602 3169 977 3236 Rhoaltum
991 3146 1045 3254 7*
1100 3180 1167 3235 et
1229 3171 1312 3234 ab
1343 3194 1358 3209 ·
1381 3178 1658 3253 utroque
1721 3170 1927 3233 latere
1987 3170 2332 3235 habuimus
2410 3169 2639 3237 domus

300 3272 659 3355 stupendas
714 3294 871 3360 prae
938 3276 1275 3340 altitudine
1338 3285 1406 3339 et
1463 3258 1717 3339 decdre.
1816 3274 2019 3338 Porro
2077 3270 2096 3347 ‚⁰
2111 3274 2300 3337 infra*
2351 3274 2639 3349 mvn-m

298 3384 562 3461 pontem
606 3380 1076 3449 declinavimus
1119 3399 1163 3444 a
1200 3380 1416 3445 canali
1459 3398 1696 3463 magno
1741 3380 1810 3443 in
1858 3378 2034 3442 aliud
2078 3380 2308 3443 canale
2319 3426 2340 3463 ‚
2384 3380 2558 3465 quoti
2599 3399 2644 3445 a

301 3482 507 3549 latere
540 3484 767 3551 dextro
808 3486 1004 3548 habet
1044 3486 1354 3551 sonticum
1380 3486 1989 3566 Almanorumnper
2011 3484 2183 3568 quod
2221 3472 2640 3549 ascendimus

298 3592 475 3654 hrtrb
530 3590 795 3674 domus,
855 3594 927 3654 et
960 3609 1173 3673 usque
1232 3591 1317 3663 ad
1380 3599 1630 3674 portam
1667 3591 1956 3671 -bospitii
2013 3589 2252 3671 nostri,
2315 3588 2494 3671 quod
2553 3586 2640 3652 ad

302 3694 614 3760 Sanctum
636 3694 965 3762 Georium·
992 3695 1245 3781 dicitur,
1265 3696 1622 3778 vulgariter
1665 3695 2034 3758 theutonice
2079 3706 2168 3756 zu
2211 3692 2328 3758 der
2345 3693 2639 3776 Fleuum,

300 3802 735 3883 pervenimus.
798 3801 1143 3865 Exivimus
1186 3821 1340 3886 ergo
1388 3801 1472 3866 de
1509 3802 1725 3882 barca,
1767 3808 1836 3862 et
1871 3798 1956 3862 tle
1988 3799 2148 3862 mari
2189 3818 2308 3881 per
2345 3800 2638 3883 lapideos

303 3905 548 3988 gradus
591 3908 849 3970 circiter
888 3908 1029 3969 Lx.
1092 3907 1504 3973 ascendimus
1549 3904 1634 3968 ad
1675 3920 1968 3969 cameras
2011 3904 2199 3967 nobis
2239 3905 2324 3968 ad
2365 3922 2642 3969 manen-

307 4010 457 4073 dum
498 4022 796 4094 pamas,
840 4020 907 4074 et
947 4026 1174 4075 omnes
1210 4030 1325 4087 res
1363 4013 1434 4075 nn
1479 4029 1592 4073 eas
1648 4009 1998 4073 intulimus.
2084 4009 2286 4074 Porro
2328 4013 2644 4093 magister

304 4110 641 4181 Iohannes
692 4118 937 4199 hospes
991 4124 1056 4181 et
1115 4117 1373 4182 domina
1435 4117 1809 4211 margareta
1859 4116 2115 4198 hospita
2177 4133 2334 4183 cum
2398 4130 2639 4199 magna

308 4220 630 4285 hilaritate
668 4238 799 4287 nos
835 4230 1294 4303 suseeperffntf,
1318 4222 1759 4307 singulariter
1813 4230 2028 4286 tamen
2071 4239 2176 4285 me
2217 4221 2641 4287 amicabiliter

309 4326 794 4410 salutaverunt,
859 4327 1015 4410 quia
1053 4344 1179 4411 ego
1220 4326 1401 4390 solus
1445 4334 1636 4389 notus
1680 4327 1778 4389 eis
1816 4344 1992 4390 eram
2033 4345 2076 4389 a
2113 4327 2641 4409 priori-peregri·-

313 4432 596 4515 natione,
630 4433 701 4493 in
740 4449 873 4514 qua
913 4431 1133 4495 multis
1177 4432 1407 4495 diebus
1450 4451 1596 4495 cum
1641 4433 1740 4495 eis
1781 4433 1848 4494 in
1883 4431 2001 4497 illa
2043 4429 2232 4584 dogm
2273 4430 2639 4513 hospitatus

1050 4560 1061 4567 .
2182 4531 2214 4564 ιιι
