3242 5259
487 549 768 608 nmcta
803 538 1089 604 anchora
1127 546 1196 602 et
1234 539 1303 602 in
1341 537 1469 602 alio
1511 537 1658 601 loco
1700 534 1914 618 ejecta
1974 538 2150 602 sicut
2181 538 2363 623 prius
2404 544 2814 629 sequebatur,

484 649 658 711 sieut
719 653 1002 710 aratrum
1061 662 1287 729 equos.
1370 647 1612 709 Iterum
1671 652 1886 707 autem
1928 663 2010 709 ea
2060 645 2280 711 levata
2332 648 2400 712 in
2445 652 2632 714 tertio
2678 652 2820 716 loco

484 751 828 835 injecimus
867 768 1039 834 quae
1092 749 1388 814 adhaesit
1445 750 1707 834 quidem
1758 768 1944 834 saxo,
1987 751 2107 815 sed
2161 752 2315 820 dum
2352 764 2558 821 staret
2599 757 2825 842 Galea,

485 866 552 921 et
595 857 681 921 ad
735 856 1068 921 rudentem
1131 856 1425 942 pendens
1486 858 1642 921 hinc
1700 856 1855 920 inde
1911 868 2311 945 moveretur,
2389 862 2661 927 avulsus
2727 872 2831 925 est

484 961 650 1026 dens
691 963 1014 1026 anchorae
1056 981 1097 1025 a
1136 980 1321 1047 saxo,
1350 971 1415 1025 et
1458 961 1690 1026 iterum
1733 974 2095 1027 currentem
2125 967 2519 1049 sequebatur
2538 968 2830 1052 Galeam,

484 1067 606 1132 sed
643 1069 864 1130 statim
908 1078 1164 1150 reperto
1208 1067 1335 1131 alio
1376 1069 1648 1152 scopulo
1690 1068 1921 1132 haesit.
1980 1070 2078 1132 lbi
2121 1088 2277 1153 ergo
2320 1074 2421 1135 sic
2468 1074 2829 1156 pendentes

483 1174 840 1238 mansimus
903 1191 1022 1255 per
1076 1181 1351 1235 noctem.
1448 1174 1652 1237 Porro
1706 1192 1829 1237 nos
1894 1175 2223 1256 peregrini
2282 1176 2367 1239 ad
2400 1179 2639 1260 quietis
2685 1179 2830 1243 loca

485 1298 609 1343 uos
651 1278 1037 1360 recepimus.
1125 1276 1262 1340 Sed
1301 1265 1600 1341 dominus
1643 1278 1968 1342 Patronus
2022 1297 2171 1341 cum
2225 1282 2523 1345 omnibus
2584 1285 2830 1367 guber-

484 1386 815 1448 natoribus
859 1391 925 1445 et
967 1381 1260 1447 Galeotis
1304 1392 1505 1448 totam
1535 1393 1797 1447 noctem
1837 1384 2199 1448 insomnem
2241 1385 2566 1451 duxerunt
2592 1433 2613 1472 ,
2657 1390 2831 1453 omni

484 1498 810 1555 momento
850 1489 1179 1551 interitum
1207 1497 1502 1552 nostrum
1543 1498 1612 1552 et
1641 1506 1830 1553 suum
1873 1499 2316 1573 expectantes.
2373 1492 2550 1558 Nam
2588 1504 2829 1559 ventus

485 1604 625 1660 erat
665 1594 948 1677 validus,
988 1601 1055 1655 et
1077 1591 1351 1678 (zu)
1382 1594 1767 1658 movebatur
1806 1590 2020 1657 Galea
2051 1594 2412 1678 importune
2440 1597 2655 1682 valde,
2684 1600 2836 1684 quia

486 1719 617 1765 non
661 1708 801 1763 erat
844 1708 1068 1781 portus
1102 1699 1213 1761 ubi
1244 1700 1598 1782 stabamus,
1628 1718 1756 1783 quo
1791 1718 1832 1762 a
1858 1701 1928 1762 vi
1961 1709 2299 1765 ventorum
2326 1713 2829 1787 protegeremur.

485 1804 736 1870 Idcirco
778 1805 1089 1867 timebant
1131 1804 1371 1867 domini
1414 1806 1907 1888 gubernatores,
1940 1806 2113 1888 quod
2154 1807 2440 1870 anchora
2481 1827 2524 1870 a
2559 1808 2831 1892 scopulo

485 1909 883 1993 solveretur,
949 1908 1060 1971 vel
1099 1907 1274 1992 quod
1331 1912 1552 1992 spirae
1623 1920 2069 1993 rumperentur
2110 1919 2179 1974 et
2232 1913 2544 1996 quicquid
2603 1914 2829 1977 horum

485 2019 906 2100 contigisset,
956 2016 1026 2076 in
1066 2016 1394 2078 interitum
1432 2018 1810 2079 ivissemus.
1856 2015 2134 2078 Eramus
2178 2019 2369 2080 etiam
2413 2019 2480 2079 in
2518 2016 2830 2100 Carnero,

487 2123 600 2204 qui
671 2129 778 2183 est
844 2118 1434 2204 periculosissimus
1497 2124 1694 2185 maris
1760 2119 2076 2205 gulphus,
2141 2130 2209 2185 et
2283 2122 2834 2205 impetuosissIme

489 2228 687 2289 currit
727 2225 818 2290 ibi
879 2243 1088 2308 mare,
1151 2233 1376 2286 contra
1433 2234 1688 2308 portum
1754 2225 2279 2291 Anchonensem.
2366 2226 2525 2289 Ideo
2569 2232 2836 2308 propter

487 2331 744 2393 lustaus
809 2331 1171 2413 periculum
1232 2328 1497 2393 devenit
1567 2329 1866 2394 deminus
1921 2330 2284 2415 Patronus,
2371 2330 2543 2416 quod
2612 2331 2834 2393 statim

490 2434 725 2518 adepto
767 2444 957 2520 portu
976 2438 1324 2500 Parentiuo
1365 2452 1511 2499 cum
1554 2437 1854 2498 omnibus
1896 2438 2261 2518 peregrinis
2286 2436 2487 2500 vellet
2521 2438 2836 2518 navigare

490 2539 575 2603 ad
627 2540 907 2604 insulam
954 2542 1026 2606 S.
1077 2541 1335 2606 Nicolai
1393 2541 1614 2625 ibique
1675 2541 1928 2604 Missas
1984 2562 2102 2625 pro
2164 2546 2521 2626 gratiarum
2580 2542 2839 2603 actione

491 2645 714 2729 legere
776 2657 841 2710 et
899 2656 1197 2732 cantare,
1256 2646 1432 2730 quod
1483 2654 1551 2708 et
1604 2644 1853 2709 sactum
1908 2654 2031 2711 est.
2129 2648 2305 2712 Nam
2370 2665 2562 2712 mane
2625 2645 2840 2708 soluta

495 2747 710 2815 Galea
767 2752 989 2816 multis
1048 2753 1440 2816 transcursis
1501 2752 1879 2814 civitatibus
1937 2750 2338 2834 Dalmatiae,
2406 2754 2707 2815 venimus
2769 2752 2839 2812 in

492 2853 812 2922 Histriam
869 2857 954 2920 ad
1023 2857 1423 2938 Parentiam,
1506 2863 1573 2916 et
1629 2853 1833 2917 altero
1903 2873 2094 2916 mane
2158 2856 2615 2937 navigavimus
2690 2870 2839 2915 cum

492 2956 810 3044 Patrono,
872 2971 941 3023 et
982 2971 1204 3024 votum
1250 2960 1623 3023 solemniter
1664 2957 2113 3038 persolvimus.
2197 2958 2562 3019 Mansimus
2617 2964 2834 3019 autem

491 3061 842 3126 Parentiae
873 3065 1164 3145 quinque
1204 3062 1453 3142 diebus,
1488 3070 1555 3122 et
1578 3067 1812 3141 postea
1843 3078 1973 3121 uua
2009 3067 2200 3121 nocte
2232 3076 2441 3140 usque
2481 3063 2549 3122 in
2581 3068 2836 3142 portum

493 3168 909 3228 venetiasum
968 3165 1162 3228 delati
1224 3180 1470 3227 sumus.
1543 3162 1822 3225 Domum
1863 3161 2182 3225 Venetias
2237 3163 2522 3244 ingressi
2583 3163 2667 3225 ab
2725 3164 2836 3225 in-

493 3268 709 3332 vicem
754 3267 950 3332 divisi
992 3286 1251 3352 sumus,
1294 3283 1467 3330 unus
1510 3266 1787 3348 quisque
1824 3264 1892 3328 in
1934 3269 2209 3350 patriam
2252 3284 2462 3336 suam.

659 3374 919 3436 Interea
978 3371 1303 3456 quandam
1357 3368 1558 3433 incidi
1619 3368 2087 3456 infirmitatem,
2150 3391 2237 3436 ex
2289 3390 2421 3454 qua
2475 3391 2607 3437 non
2664 3372 2837 3436 lecto

493 3475 806 3560 decubui,
849 3476 970 3541 sed
1029 3486 1248 3541 tamen
1288 3491 1414 3539 nec
1454 3472 1820 3559 ambulare,
1861 3495 1987 3540 nec
2023 3480 2320 3562 equitare
2359 3478 2573 3562 valui,
2625 3497 2836 3563 usque

493 3580 579 3645 ad
621 3583 1046 3646 sanationem.
1129 3582 1286 3646 Ideo
1326 3579 1647 3644 chims
1706 3599 1893 3646 meus
1947 3581 2231 3648 Geor-ius
2273 3583 2358 3648 de
2393 3584 2648 3667 Lepide
2688 3603 2836 3648 cum

492 3684 640 3750 aliis
694 3687 1017 3752 nobilibus
1081 3688 1168 3752 ad
1221 3687 1490 3772 propria
1580 3687 1913 3752 remeavit.
2020 3689 2166 3773 Ego
2226 3709 2386 3754 vero
2462 3691 2655 3772 quasi
2718 3707 2838 3771 per

492 3790 865 3874 quindinam
885 3793 1188 3858 venetiis
1230 3797 1299 3857 in
1338 3809 1496 3856 cura
1515 3790 1916 3857 Medicorum
1964 3794 2074 3859 sui.
2123 3796 2417 3859 sanitate
2453 3801 2838 3875 recuperata

492 3912 638 3960 mm
679 3896 963 3981 quom
1004 3907 1363 3963 mercatore
1390 3896 1713 3960 Venetiae
1754 3899 1954 3983 exivi,
1997 3909 2067 3963 et
2106 3909 2321 3983 empto
2364 3916 2531 3980 equo
2555 3897 2835 3959 'l'ervisii
2938 3883 2945 3890 ’

491 4018 638 4066 cum
683 4002 909 4068 eodem
954 4020 1171 4086 usque
1209 4002 1277 4065 in
1320 4000 1696 4066 Tridentum
1738 4004 1910 4066 veui.
1995 4004 2062 4066 A
2103 4003 2410 4067 Tridento
2453 4019 2611 4064 vero
2649 3998 2833 4063 solus

489 4123 699 4189 usque
737 4108 807 4168 in
846 4107 1233 4172 Nazaritum
1274 4106 1448 4168 veni.
1538 4104 1685 4184 Quo
1726 4124 1873 4171 cum
1915 4108 2248 4171 venissem
2290 4115 2439 4189 post
2470 4103 2829 4187 meridiem,

487 4211 710 4274 inveni
748 4214 817 4275 iu
857 4213 1141 4295 hospitio
1182 4219 1458 4293 quatuor
1496 4212 1875 4294 peregrinos
1915 4220 2127 4275 terrae
2168 4219 2438 4275 sanctae
2474 4208 2833 4274 confratres

490 4334 672 4380 meos
743 4317 826 4380 de
887 4317 1166 4400 Aug-lia,
1232 4323 1298 4377 et
1362 4332 1514 4378 cum
1566 4313 1806 4399 gaudio
1864 4334 1986 4379 nos
2040 4318 2322 4381 invicem
2383 4314 2829 4378 salutavimus.

490 4420 935 4505 Disponebant
1016 4430 1270 4485 autem·
1311 4437 1387 4483 se
1471 4419 1554 4484 ad
1636 4437 2000 4503 recessum,
2065 4419 2360 4485 volentes
2422 4419 2648 4484 eodem
2727 4419 2833 4483 die

455 4519 476 4542 “
723 4531 762 4566 a·
