3242 5259
1476 315 1605 382 425

384 499 628 565 videre.
684 499 775 562 Et
816 501 910 562 ita
949 497 1188 562 miiites
1230 495 1627 563 t'oetinabant
1668 497 1758 563 ad
1804 496 2124 583 hospitaie
2152 493 2235 558 S.
2276 493 2599 559 Johannis
2638 492 2724 558 ad

384 604 774 689 capiendum
836 604 1048 667 cibum
1063 646 1087 685 ,
1152 619 1275 665 nos
1321 620 1484 666 vero
1545 603 1835 687 religiosi
1894 602 2276 667 intravimus
2320 601 2723 664 Conveniunt

390 711 661 775 fratrum
704 719 774 772 et
817 726 969 774 cum
1011 707 1112 771 eis
1155 705 1383 771 refecti
1423 723 1669 771 sumus.

387 941 506 1016 De
556 939 972 1018 visitatione
1023 922 1344 1018 locorum
1388 941 1523 1018 sub
1576 951 1820 1020 monte
1885 938 2140 1043 Syon,
2221 946 2299 1014 et
2345 936 2573 1041 primo
2627 938 2724 1015 de

905 1062 1113 1139 sonte
1153 1059 1439 1138 Mariae
1489 1060 1825 1161 Virginis
1870 1060 2153 1139 beatae.

552 1242 768 1306 Finito
808 1241 1079 1326 prandio
1121 1251 1564 1307 convenerunt
1622 1243 1983 1328 peregrini,
2054 1240 2167 1326 qui
2223 1241 2470 1305 robusti
2521 1249 2727 1322 erant,

390 1345 469 1409 ad
515 1347 790 1411 ulterius
831 1348 1373 1433 peregrinandum
1431 1355 1502 1411 et
1565 1347 1649 1412 ad
1693 1347 2133 1413 laborandum.
2217 1348 2341 1410 Est
2381 1347 2550 1412 enim
2595 1364 2727 1408 non

389 1470 633 1535 parvus
675 1452 887 1537 labor,
930 1457 1032 1517 sic
1073 1452 1156 1516 de
1201 1453 1348 1517 ioca
1388 1451 1470 1516 ad
1512 1453 1723 1516 iocum
1780 1453 2217 1538 peregrinari,
2275 1459 2352 1515 ut
2393 1459 2570 1535 patet
2614 1450 2729 1519 foi.

386 1556 491 1620 98.
535 1558 610 1620 Β.
696 1559 1127 1642 congregatis
1182 1556 1336 1641 erg‘o
1395 1559 1582 1621 nobis
1639 1556 2096 1622 descendimus
2138 1557 2223 1620 de
2281 1564 2501 1619 monte
2544 1553 2728 1638 Syon

390 1661 459 1722 in
493 1662 856 1746 aquilonari
899 1660 1083 1748 p'arte
1111 1664 1347 1727 montis
1387 1680 1506 1747 per
1530 1666 1703 1728 viam
1748 1664 2034 1747 longam,
2064 1670 2134 1726 et
2153 1663 2350 1744 viam,
2386 1678 2504 1757 per
2535 1676 2727 1743 quam

389 1766 569 1849 prius
632 1765 1169 1851 ascenderamus,
1227 1765 1309 1830 ad
1353 1766 1647 1831 dextram
1694 1756 2114 1852 reliquimus,
2215 1765 2419 1832 Porro
2478 1766 2546 1828 in
2584 1764 2729 1847 ipso

389 1872 623 1936 montis
664 1871 847 1955 Syon
892 1872 1066 1936 ciivo
1119 1873 1420 1935 venimus
1489 1872 1572 1935 ad
1636 1890 1908 1956 specum
1967 1870 2326 1956 quandam,
2397 1868 2481 1933 ad
2532 1887 2727 1933 uuam

388 1982 602 2038 terrae
641 1976 1015 2060 voraginem
1062 1985 1386 2059 putentem
1405 2022 1426 2062 ,
1497 1996 1615 2061 per
1665 1978 1856 2061 qu'us
1901 1995 1977 2043 os
2019 1977 2306 2060 ingressi
2357 1975 2425 2038 in
2468 1975 2732 2037 viscera

388 2088 601 2142 terrae
638 2077 1091 2145 descendimus
1132 2083 1276 2145 sine
1316 2081 1630 2165 gradibus
1670 2086 1742 2146 in
1790 2098 2026 2164 arena,
2070 2090 2151 2163 etx
2178 2081 2332 2166 quia
2371 2077 2453 2142 de
2491 2078 2733 2142 lumine

390 2184 552 2248 solis
608 2186 977 2248 umbrosum
1040 2187 1248 2249 iocum
1319 2187 1739 2270 intravimus,
1815 2187 1976 2250 nihil
2037 2186 2148 2250 vel
2212 2202 2438 2269 parum
2502 2182 2734 2246 videre

392 2296 801 2373 poteramus,
866 2307 1015 2354 nam
1090 2280 1418 2355 oculorum
1479 2290 1845 2355 istiusmodi
1917 2299 2154 2354 natura
2226 2296 2365 2382 est,
2441 2295 2514 2350 ut
2581 2294 2733 2371 post

390 2394 597 2458 solem
631 2395 894 2457 umbras
933 2396 1321 2458 intrantibus
1364 2411 1567 2460 coeca
1608 2396 1827 2460 omnia
1880 2395 2247 2460 videantur.
2301 2392 2503 2457 Porro
2546 2393 2733 2456 nobis

394 2496 939 2565 descendentibus
981 2495 1194 2581 (150
1228 2498 1338 2582 Α)
1379 2500 1447 2562 in
1488 2516 1790 2586 specum,
1849 2499 2149 2565 ascendit
2217 2507 2444 2563 contra
2483 2514 2605 2561 uos
2649 2495 2734 2561 de

393 2604 712 2689 profundo
759 2604 982 2689 rapido
1024 2623 1217 2668 cursu
1261 2604 1518 2688 quidam
1541 2604 1948 2669 Sarracenus
1992 2623 2258 2688 saevus,
2285 2621 2432 2667 cum
2477 2602 2733 2686 magnis

389 2711 778 2777 clamoribus
812 2708 1271 2774 stomachando
1309 2709 1703 2795 mirabiliter,
1740 2711 1900 2774 iram
1942 2710 2139 2774 animi
2170 2711 2274 2773 sui
2309 2724 2499 2793 voce,
2524 2704 2735 2792 votui,

388 2824 456 2879 et
479 2816 781 2880 *brachiis
820 2824 1191 2898 ostentans,
1234 2824 1302 2879 et
1341 2812 1669 2899 repellere
1698 2810 1822 2880 nos
1865 2813 1951 2880 de
1992 2830 2201 2911 specu
2243 2815 2607 2898 nitebatur,

388 2921 474 2985 ad
515 2938 722 3005 aquas
766 2919 1326 2985 descenderemus.
1414 2918 1552 2984 Sed
1595 2922 1749 3005 quia
1808 2922 1957 3004 ipse
2029 2917 2217 2982 solus
2282 2920 2442 3004 fuit,
2486 2926 2554 2981 et
2614 2934 2739 2983 nos

390 3026 604 3110 multi,
662 3040 790 3091 non
830 3045 974 3090 eum
1032 3027 1443 3110 miravimus,
1508 3025 1630 3089 sed
1673 3028 1994 3090 continue
2066 3022 2554 3107 descendimus,
2596 3024 2741 3106 ipse

390 3148 547 3199 vero
590 3133 1013 3215 ingeminavit
1074 3132 1426 3217 clamores,
1492 3138 1563 3194 et
1609 3132 1786 3195 acuit
1851 3148 2015 3194 suae
2079 3130 2454 3209 iracundiae
2505 3145 2740 3213 mores,

392 3245 459 3299 et
501 3238 561 3298 si
603 3232 945 3301 habuisset
984 3237 1198 3301 saltim
1242 3235 1565 3319 baculum,
1614 3252 1737 3299 nos
1760 3252 1987 3299 omnes
2038 3235 2396 3319 efugasset.
2490 3233 2741 3298 videus

394 3348 615 3404 autem
655 3340 1059 3413 Sarracenos
1098 3342 1243 3427 ille,
1289 3340 1485 3427 -quod
1527 3359 1675 3406 eum
1741 3354 1872 3404 noa
1934 3343 2314 3404 curavimus
2337 3374 2369 3424 ,·
2424 3341 2625 3404 vertit
2665 3356 2745 3404 se

394 3444 610 3530 ocius,
656 3453 723 3507 et
770 3462 997 3509 omues
1039 3432 1514 3512 descendent'es
1579 3446 1975 3531 praecurrit,
2044 3454 2115 3508 et
2154 3446 2334 3528 prior
2383 3444 2467 3508 ad
2540 3462 2746 3529 aquas

397 3551 613 3635 venit,
656 3558 725 3614 et
765 3550 986 3633 posuit
1025 3560 1106 3613 se
1145 3568 1346 3635 super
1385 3555 1756 3637 ‘marginem
1814 3551 2033 3633 fontis,
2076 3559 2145 3614 et
2198 3549 2745 3615 modis‘omnibus

397 3672 631 3739 aquam
681 3656 942 3720 haurire
974 3656 1345 3727 volentibus
1369 3658 1736 3741 resistebat,
1780 3664 1847 3721 et
1877 3654 2192 3719 accedere
2210 3653 2509 3719 volentes
2532 3663 2746 3719 retru-

399 3759 614 3846 debat,
657 3764 1168 3848 repercutiebat,'
1197 3770 1262 3831 st
1296 3762 1685 3828 retrahebat.
1779 3758 2064 3840 Quidam
2087 3770 2301 3826 autem
2333 3760 2519 3825 miies
2542 3760 2746 3824 Lom-

393 3867 634 3932 bardus
679 3867 762 3932 de
785 3866 1159 3932 Mediolano
1199 3871 1582 3953 peregrinus
1628 3871 1921 3932 accessit
1965 3865 2276 3931 audacter
2314 3865 2411 3931 ad‘
2432 3864 2748 3931 Sarrace-

392 3992 543 4037 num
570 4019 591 4058 ,
656 3992 776 4056 per
842 3974 1166 4037 brachium
1234 3976 1503 4059 arripuit
1516 4020 1537 4058 ,
1595 3983 1665 4037 et
1728 3990 1771 4036 a
1832 3973 2017 4037 fonte
2088 3972 2330 4038 avulsit
2405 3972 2743 4036 violenter.

395 4076 794 4142 Sarracenus
837 4087 1048 4144 autem
1093 4088 1180 4141 ex
1220 4079 1347 4143 boc
1385 4080 1452 4142 iu
1496 4083 1593 4142 ira
1637 4095 1960 4143 accensus
1993 4084 2220 4144 contra
2260 4078 2523 4142 militem
2565 4076 2746 4141 illum

402 4182 771 4267 insurrexit,
814 4202 1091 4269 eumque
1128 4188 1372 4268 pugnis
1416 4193 1765 4268 percutere
1808 4185 2045 4269 coepit,
2088 4193 2155 4247 et
2189 4183 2378 4248 miles
2401 4202 2440 4245 e
2482 4189 2747 4245 contra-

404 4287 500 4347 rio
542 4291 781 4371 pugnis
816 4306 895 4352 se
937 4289 1252 4373 defendit,
1305 4292 1749 4373 repercutiens
1796 4306 1970 4372 eum,
2013 4286 2165 4373 quia
2205 4297 2433 4351 neuter
2471 4285 2751 4351 habebat

401 4404 601 4473 arma,
641 4398 712 4455 et
752 4398 939 4458 tanta
977 4394 1319 4460 iracundia
1360 4396 1428 4460 iu
1471 4413 1550 4461 se
1595 4403 2017 4480 exarserunt,
2062 4393 2232 4479 quod
2266 4392 2393 4456 nisi
2431 4390 2754 4476 peregrini
