3242 5259
1628 341 1754 407 144

510 528 639 591 nisi
678 538 878 591 suasa
914 542 961 589 a
1003 520 1285 587 Medim's
1324 538 1582 586 sumere
1623 529 1735 585 aut
1756 520 1974 585 faeere
2021 520 2168 585 ausi
2207 519 2488 605 fuerunt,
2538 530 2606 584 et
2647 530 2864 585 tamen

512 631 767 715 debiles,
804 638 870 692 et
911 627 1132 695 miseri
1177 630 1246 690 in
1291 626 1810 710 peregrinatione
1853 624 2036 708 sacti,
2052 625 2267 710 aliqui
2310 630 2543 692 mortui
2586 628 2863 699 suerunt.

510 738 568 799 Ε
605 734 924 825 contrario
966 732 1131 796 allos
1174 731 1342 814 vidi,
1388 732 1499 815 qui
1540 730 1784 815 omnia,
1827 748 1998 816 quae
2053 728 2439 812 plwebant‚
2483 734 2550 797 in
2595 735 2755 796 mari
2800 740 2865 796 et

511 841 579 904 in
660 851 841 911 terra
898 835 1359 917 comedebant,
1437 834 1775 919 bibebant,
1859 834 2217 918 faciebant,
2280 836 2521 901 nullam
2583 837 2860 902 diaetam

510 940 887 1025 servabant,
957 950 1025 1005 et
1065 958 1435 1005 mensuram
1475 958 1935 1023 nonnunquam
1979 939 2405 1024 excedebant,
2443 950 2516 1004 et
2556 957 2706 1019 oum
2750 942 2856 1006 his

416 1100 427 1125 ,.
518 1048 816 1115 omnibus
858 1063 1183 1129 nunquam
1228 1043 1716 1131 decumbebant,
1743 1063 2001 1128 semper
2043 1044 2197 1107 laeti
2228 1054 2295 1109 et
2322 1062 2584 1129 semper
2616 1046 2859 1109 hilares

511 1152 876 1218 manebant.
921 1150 1058 1214 Sed
1099 1150 1265 1217 haec
1306 1167 1437 1213 non
1480 1150 1719 1233 scribo,
1760 1159 1831 1213 ut
1878 1150 2149 1213 innuere
2187 1148 2410 1233 velun,
2454 1148 2625 1233 quod
2670 1151 2860 1234 primi

511 1265 774 1340 prepter
832 1273 1057 1320 curam
1126 1254 1487 1319 medicinae
1543 1255 1775 1319 mortui
1838 1252 2111 1337 fuerint,
2165 1263 2233 1318 et
2271 1252 2545 1318 secundi
2603 1262 2865 1337 propter

510 1361 1071 1444 intemperantiam
1126 1361 1196 1425 in
1265 1362 1406 1425 vita
1447 1360 1693 1424 servati
1704 1402 1725 1441 ,
1778 1357 1903 1422 sed
1960 1367 2032 1421 ut
2081 1357 2396 1422 -videatur
2476 1357 2863 1422 incertitudo

452 1532 457 1535 .
516 1465 845 1531 fortunae:
914 1474 979 1528 et
1021 1466 1375 1530 committat
1436 1482 1515 1528 se
1574 1463 1781 1545 primo
1839 1464 2224 1545 peregrinus
2266 1463 2445 1545 Deo,
2508 1471 2574 1525 et
2627 1461 2865 1527 deinde

513 1569 784 1635 medicis
844 1579 1218 1655 temperate.
1264 1572 1342 1634 In
1383 1569 1533 1632 aliis
1576 1575 1800 1631 servet
1835 1577 2189 1653 sequentes
2230 1567 2554 1633 cautelas:
2621 1576 2860 1631 caveat

510 1684 591 1738 se
631 1676 1037 1758 peregrinus,
1081 1695 1168 1738 ne
1207 1693 1285 1738 se
1326 1675 1488 1738 mari
1526 1672 1845 1756 profundo
1890 1674 2192 1737 immittat
2235 1670 2635 1756 balneando,
2699 1673 2855 1756 quia

513 1777 851 1861 multiplex
917 1778 1274 1860 periculum
1347 1781 1435 1841 ibi
1492 1788 1628 1860 est,
1692 1780 1888 1842 etiam
1953 1780 2120 1842 bene
2185 1787 2410 1843 natare
2479 1779 2855 1843 solennibus.

517 1864 767 1947 Cautus
808 1884 1004 1947 etlam
1046 1884 1134 1947 sit
1172 1885 1242 1947 in
1301 1886 1456 1946 navi
1510 1885 1656 1947 iens
1711 1882 1795 1946 de
1858 1893 2137 1947 transtro
2179 1883 2263 1946 ad
2322 1892 2712 1967 transtrum,
2773 1901 2860 1946 ne

517 1984 709 2051 cadat
720 2032 743 2071 ,
806 1989 962 2073 qula
1008 1988 1247 2072 ubique
1288 2006 1486 2052 casus
1531 1997 1634 2052 est
1689 1989 2095 2071 periculosus
2148 1991 2217 2051 ln
2262 1992 2437 2072 navi,
2482 1997 2549 2052 et
2591 2006 2854 2070 semper

517 2110 667 2161 cum
707 2088 889 2155 bona-
920 2092 1383 2156 deliberatione
1423 2092 1779 2157 descendat
1817 2101 1884 2157 et
1927 2091 2239 2157 ascendat
2287 2092 2371 2157 ad
2412 2093 2626 2157 locum
2668 2111 2858 2156 cum-

516 2197 741 2261 barum
782 2195 891 2261 vel
932 2198 1339 2263 stantiamm.
1424 2198 1571 2281 Ege
1608 2200 1758 2282 ipse
1801 2198 1928 2262 feci
1971 2198 2137 2261 duos
2179 2216 2377 2262 casus
2436 2217 2553 2283 per
2593 2197 2857 2262 eosdem

516 2300 797 2385 gradus3
826 2320 955 2364 non
992 2303 1241 2386 mirum,
1282 2304 1432 2367 siin
1477 2304 1719 2367 frustra
1741 2305 2014 2367 fuissem
2057 2302 2440 2372 dissolutus.
2488 2303 2648 2367 Post
2692 2320 2861 2387 quos

519 2424 850 2490 nunquam
873 2406 1003 2468 nisi
1034 2425 1181 2475 cun
1216 2407 1681 2472 deliberatione
1709 2419 1776 2472 et
1799 2409 2052 2473 cautela
2086 2407 2396 2472 descendi
2426 2407 2542 2471 vel
2569 2406 2857 2473 ascendi.

519 2510 675 2573 Vidi
740 2512 934 2573 etiam
997 2511 1250 2595 aliquos
1306 2512 1393 2575 ibi
1437 2513 1747 2576 cadentes
1802 2532 2012 2597 paene
2071 2516 2415 2578 extinctos.
2487 2512 2862 2601 Praecipue

519 2614 731 2679 eundo
775 2615 857 2679 ad
900 2614 1116 2680 locum
1179 2624 1502 2681 secretum
1560 2620 1650 2683 sit
1712 2619 2411 2701 circumspectissimus
2428 2664 2450 2703 ,
2508 2621 2660 2702 quia
2701 2618 2862 2681 des-

518 2736 760 2783 census
823 2719 909 2783 ad
953 2738 1099 2784 eum
1142 2730 1247 2784 est
1286 2722 1727 2807 periculosus,
1790 2732 1863 2787 et
1919 2742 2118 2806 super
2159 2726 2486 2808 margines
2546 2723 2861 2786 incedens

518 2844 649 2889 nou
711 2824 996 2889 confidat
1054 2826 1352 2912 funibus,
1419 2828 1546 2891 nisi
1620 2829 1947 2892 concutiat
2023 2847 2138 2893 eos
2202 2829 2503 2892 manibus
2571 2838 2638 2890 et
2694 2828 2861 2891 bene

518 2938 744 2994 tensos
787 2947 940 2993 esse
981 2930 1369 3015 probaverit,
1403 2933 1464 2995 si
1507 2934 1678 2995 enim
1719 2933 1891 2996 funis
1936 2942 2318 3015 sequeretur
2359 2942 2584 2997 tenere
2624 2931 2861 2995 voleu-

518 3041 683 3116 tem,
726 3032 991 3096 caderet
1029 3033 1099 3095 in
1140 3052 1338 3098 mare.
1423 3034 1677 3099 Caveat
1732 3038 1925 3098 etiam
1965 3039 2369 3120 peregrinus,
2413 3058 2497 3102 ne
2539 3053 2859 3123 pauperes

518 3133 813 3219 galeotas
854 3144 1151 3220 spernat,
1209 3147 1277 3202 et
1318 3137 1635 3220 offendat,
1696 3140 1846 3221 quia
1885 3140 1955 3203 in
1998 3157 2158 3203 casu
2218 3152 2495 3223 possunt
2547 3144 2670 3207 sibi
2717 3142 2858 3205 fleri

519 3241 900 3323 necessarii,
944 3250 1013 3305 et
1052 3241 1246 3305 utiles
1288 3251 1356 3306 et
1394 3243 1691 3306 similiter
1728 3243 2068 3327 plurimum
2110 3247 2329 3310 nocivi
2388 3256 2454 3310 et
2518 3247 2855 3331 praejudi-

520 3342 741 3409 ciales.
829 3342 1037 3409 Gerat
1096 3346 1287 3409 etiam
1344 3363 1421 3409 se
1473 3346 1558 3410 ad
1610 3357 1907 3411 caeteros
1958 3367 2183 3412 omnes
2239 3349 2323 3413 de
2386 3354 2564 3435 navi,
2607 3372 2694 3416 ne
2731 3352 2859 3417 sibi

521 3452 805 3515 concitet
842 3450 1246 3533 inimicitias3
1272 3449 1466 3513 valde
1488 3452 1767 3535 poenale
1803 3462 1926 3536 est,
1961 3454 2203 3519 habere
2243 3457 2542 3522 inimicos
2571 3460 2640 3521 in
2684 3458 2855 3523 navi.

520 3551 679 3617 Vidi
720 3571 845 3636 ego
888 3553 1207 3638 quendam
1248 3556 1598 3640 superbum
1653 3559 2064 3642 peregrinum
2081 3605 2101 3639 ‚
2165 3563 2276 3645 qui
2322 3563 2573 3646 sprevit
2617 3562 2857 3646 plures,

521 3665 590 3721 et
629 3656 897 3723 offendit
936 3659 1211 3725 multos:
1277 3660 1386 3725 hic
1426 3661 1510 3725 ad
1554 3661 1880 3728 miseriam
1947 3663 2265 3730 deductus
2302 3668 2370 3728 in
2420 3665 2645 3751 galea,
2709 3666 2858 3730 illos

522 3779 689 3846 quos
733 3773 1105 3847 spreverat,
1174 3766 1484 3829 exorabat
1499 3810 1519 3844 ‚
1585 3775 1652 3831 et
1697 3767 1849 3834 dum
1910 3771 2036 3835 sibl
2092 3770 2290 3854 aliqui
2331 3768 2475 3852 (B)
2517 3774 2726 3853 magis
2768 3771 2857 3853 pii

522 3866 856 3931 charitatis
895 3854 1271 3933 exhiberent
1311 3869 1558 3955 officia,
1643 3873 2059 3938 nihilominus
2126 3878 2345 3958 sperni
2400 3893 2478 3938 se
2552 3876 2855 3957 suspica—

519 3970 745 4055 batur,
789 3973 901 4056 qui
939 3990 1017 4038 se
1069 3956 1296 4039 merito
1351 3976 1788 4059 spernendum
1845 3978 2164 4042 meruisse
2224 3988 2512 4042 noverat.
2601 3978 2857 4042 Caveat

518 4077 936 4162 peregrinus,
955 4077 1131 4164 quod
1148 4098 1280 4147 uon
1310 4082 1601 4164 ‘occupet
1642 4081 1855 4144 locum
1899 4083 2084 4144 alteri
2127 4084 2552 4166 assignatum,
2596 4084 2726 4145 nisi
2767 4081 2851 4145 de

518 4180 664 4275 eJus
702 4183 896 4265 pleno
938 4201 1295 4268 consensu,
1349 4204 1474 4251 nec
1506 4202 1714 4268 supra
1755 4203 1879 4247 uec
1937 4184 2133 4255 unfra.
2218 4185 2415 4253 Circa
2467 4186 2705 4251 malum
2749 4197 2856 4251 est

516 4284 701 4350 locus
744 4292 1099 4354 communis
1163 4289 1380 4355 standi
1442 4291 1510 4353 iu
1554 4287 1693 4371 die,
1764 4289 1885 4352 sed
1944 4291 2015 4353 in
2067 4298 2260 4354 nocte
2323 4290 2551 4356 nullibi
2613 4292 2739 4356 nisi
2783 4293 2853 4357 in

514 4393 753 4455 stantia
793 4409 933 4456 sua.
1000 4393 1174 4459 Nam
1210 4393 1472 4481 ¹quando
1513 4394 1664 4482 quis
1704 4403 1897 4458 nocte
1938 4393 2135 4459 alium
2176 4396 2339 4482 petit
2380 4395 2613 4482 locum,
2655 4417 2854 4487 quam
