3242 5259
1694 280 1828 350 uo

593 464 958 550 peregrinis
1019 460 1376 548 intromissi
1439 462 1731 545 filerunt,
1808 470 1876 524 et
1944 459 2305 524 custodem
2334 459 2631 546 deputati
2715 469 2934 550 sancti

596 569 923 654 sepulchri
936 612 962 657 ,
1024 576 1287 662 manent
1326 581 1586 650 suuper
1626 565 1838 670 us‘qu'e
1876 564 1964 628 ad
2000 564 2354 636 adveutum
2416 568 2929 651 peregrinorum.

595 675 744 740 Nec
801 676 1034 742 statas
1093 672 1294 755 positi
1356 671 1669 742 custodes
1729 671 1910 742 exire
1938 680 2279 754 possunt,
2327 677 2501 793 ‘ny-w
2508 671 2637 738 uhi
2698 673 2943 738 fratros

597 783 874 862 intrato,
937 777 1065 843 nisi
1116 773 1324 844 velint
1377 778 1647 842 solvere
1711 778 2036 844 tributum.
2147 776 2251 842 Et.
2276 776 2369 848 ni
2401 773 2631 867 ν’ὃιιιιιι
2687 786 2943 843 mutare

597 882 938 966 custodes,
983 890 1233 972 oportet
1276 882 1539 945 solvere
1583 882 1912 945 tributum.
2340 917 2351 928 .

767 988 1018 1070 Verum
1059 986 1163 1049 bis
1206 990 1275 1050 in
1318 1006 1488 1051 anno
1519 986 1937 1070 patefaciunt
1996 983 2230 1050 valvas
2289 973 2549 1066 templi',
2607 992 2675 1046 et
2732 986 2944 1068 gratis

599 1109 825 1168 omns
873 1090 1285 1155 Christianos
1345 1092 1799 1156 intromittunt.
1887 1088 2157 1158 Scilicet
2194 1088 2267 1151 ιιι
2303 1077 2677 1154 Parascc'vo
2730 1107 2949 1174 usquo

602 1197 688 1268 ad
729 1195 1085 1264 secumdam
1126 1194 1351 1260 feriam
1377 1191 1716 1279 paschae3
1769 1203 1839 1262 ot
1878 1194 1948 1260 ιιι
1987 1191 2218 1276 vigilia
2246 1193 2644 1258 inventionis
2670 1203 2952 1260 sanctae

601 1304 815 1369 crucis
841 1318 1086 1394 „us-quc
1127 1299 1210 1364 ad
1273 1317 1594 1384 vesperas
1659 1300 1998 1386 sequentis
2061 1297 2207 1364 diei.
2291 1298 2379 1361 Et
2417 1298 2488 1361 in
2529 1298 2660 1362 illis
2704 1298 2947 1364 diebus

603 1417 712 1476 est
774 1405 1083 1490 templum
1142 1403 1461 1490 repietum
1516 1408 1680 1471 viris
1725 1413 1789 1469 et
1833 1404 2172 1487 foeminis,
2236 1403 2321 1467 de
2374 1405 2672 1468 omnibus
2726 1403 2951 1474 mundi

602 1512 1000 1596 regionibus,
1042 1521 1111 1576 et
1152 1520 1261 1576 est
1304 1513 1613 1577 tumultus
1657 1527 1932 1595 magnus
1976 1514 2043 1574 et
2082 1509 2482 1593 compressio
2521 1527 2678 1592 prae
2720 1510 2952 1573 multi-

601 1618 842 1682 tudine.
888 1617 971 1680 Et
1013 1618 1103 1683 ibi
1145 1627 1302 1684 tunc
1344 1618 1691 1683 audiuntur
1734 1615 1949 1679 omnia
1995 1612 2301 1677 idiomata
2343 1612 2587 1698 ιιιιιιιιιι,
2623 1622 2688 1677 et
2734 1614 2951 1678 forum

603 1724 1215 1808 pretiosissimarum
1299 1743 1511 1787 rerum
1587 1731 1653 1786 et
1722 1737 2018 1784 cararum
2093 1717 2166 1780 fit
2245 1726 2402 1782 tnnc
2474 1720 2543 1782 in
2635 1719 2946 1782 ecclesia.

603 1830 861 1894 Demtis
903 1845 1063 1910 ergo
1105 1827 1415 1908 praefatis
1458 1826 1710 1890 duobus
1748 1801 2148 1910 temporibus
2193 1841 2536 1904 numquam
2594 1824 2722 1888 nisi
2788 1841 2951 1887 auro

605 1933 757 2000 dato
803 1932 1086 2016 aperitur
1143 1929 1258 1993 illa
1320 1929 1620 1995 ecclesia.
1706 1930 1859 1994 Non
1916 1930 2092 1994 sicut
2148 1935 2286 1990 erat
2350 1927 2499 1992 olim
2515 1973 2537 2011 ,
2613 1928 2765 1993 dum
2816 1928 2949 1993 alia

607 2045 794 2104 erant
835 2044 1141 2118 tempora.
1227 2035 1366 2100 Sed
1408 2034 1710 2100 catholici
1753 2032 2109 2098 Christiani
2165 2051 2425 2116 semper
2465 2041 2532 2096 ct
2574 2035 2746 2098 omui
2786 2035 2954 2097 hora

608 2144 854 2222 intrare
894 2141 1100 2223 gratis
1137 2149 1467 2225 poterant,
1529 2157 1655 2202 uec
1700 2137 2157 2204 admittebatur
2201 2140 2436 2222 quovis
2480 2138 2669 2203 modo
2711 2140 2951 2203 haero-

612 2248 784 2312 ticus
835 2237 958 2310 auf
983 2244 1442 2310 schismaticus
1484 2245 1554 2308 in
1601 2244 1776 2308 illam
1796 2244 2191 2330 ecclesiam,
2234 2263 2360 2309 nec
2395 2263 2513 2329 pro
2554 2246 2781 2330 pretio,
2824 2262 2951 2308 nec

612 2353 841 2439 gratis.
927 2349 1064 2414 Sed
1108 2359 1298 2434 capto
1339 2350 1712 2434 sepulchro
1755 2350 2013 2414 Domini
2088 2352 2332 2435 captivi
2386 2358 2539 2416 sunt
2602 2350 2951 2434 peregrini,

615 2461 711 2524 ita
749 2456 922 2543 quod
964 2476 1095 2522 non
1135 2464 1414 2538 possunt
1454 2456 1521 2518 in
1552 2456 1601 2520 J
1603 2455 1923 2524 urusalem
1956 2454 2305 2541 quidquam
2353 2472 2570 2540 agere,
2614 2455 2740 2520 nisi
2779 2452 2955 2540 qnod

621 2562 844 2648 placet
884 2561 1282 2626 sarracenis.

785 2668 1008 2750 Porro,
1049 2674 1202 2730 ante
1237 2682 1485 2750 paucos
1527 2681 1737 2729 annos
1778 2672 1922 2729 erat
1962 2668 2065 2730 sic
2109 2664 2531 2752 consuetudo,
2574 2664 2749 2751 quod
2790 2663 2959 2730 Sar-

619 2775 840 2840 raceni
884 2790 1074 2835 manc
1112 2773 1181 2837 in
1227 2782 1369 2835 ortu
1412 2770 1573 2834 solis
1618 2770 1965 2834 ecclesiam
2005 2771 2414 2855 aperiebant,
2438 2771 2701 2855 'eosque
2738 2788 2956 2854 usque

615 2877 708 2942 ιιι
733 2894 1065 2964 ‚vesperas
1107 2864 1399 2942 inclusos
1437 2876 1835 2960 retinebant,
1878 2884 1944 2937 et
1985 2876 2053 2939 iu
2099 2894 2340 2939 occasu
2377 2876 2540 2941 solis
2589 2875 2958 2959 ejiciebant.

617 2985 714 3048 Et
765 2982 892 3072 hoc
950 2982 1071 3046 fuit
1128 2979 1480 3044 tolerabile.
1567 2979 1703 3043 Sed
1764 2979 1957 3044 hodio
2017 2984 2339 3045 contrario
2400 2980 2593 3047 modo
2645 2981 2751 3063 flt,
2805 2999 2960 3042 sero

621 3089 798 3150 enim
843 3089 1033 3150 nobis
1085 3087 1416 3169 aperiunt,
1459 3094 1527 3148 et
1567 3103 1760 3149 mane
1795 3103 1916 3148 nos
1969 3085 2257 3169 ejiciunt.
2341 3086 2429 3150 Et
2469 3087 2597 3151 hoc
2640 3096 2743 3152 est
2784 3084 2960 3149 mul-

621 3198 760 3266 tum
804 3189 1031 3258 dutum
1076 3199 1145 3253 ot
1187 3189 1552 3268 molestum,
1597 3191 1753 3274 quia
1795 3192 2095 3255 noctibus
2132 3192 2286 3276 illis,
2331 3192 2564 3278 quibus
2604 3193 2673 3255 in
2716 3191 2959 3275 templo

623 3309 871 3376 sumus,
897 3309 1126 3377 parum
1154 3303 1266 3358 aut
1300 3303 1481 3358 certe
1519 3296 1610 3358 nil
1650 3297 2067 3379 quiescimus,
2104 3306 2169 3361 et
2203 3297 2330 3364 hoc
2373 3306 2637 3381 propter
2666 3297 2958 3361 crebram

621 3400 910 3480 Iocorum
967 3407 1333 3464 sanctorum
1401 3401 1838 3465 visitationem
1898 3408 1967 3464 et
2022 3403 2500 3487 circuitionem,
2564 3409 2630 3466 et
2695 3410 2961 3485 propter

624 3501 997 3572 divinorum
1060 3504 1439 3570 Officiornm
1488 3508 2065 3591 continuationem,
2111 3517 2176 3570 et
2214 3517 2476 3594 propter
2522 3507 2838 3574 ululatum
2896 3515 2964 3569 et

623 3608 941 3674 clamores
987 3612 1312 3676 mirabiles
1371 3613 1775 3677 orientalium
1820 3611 2366 3698 Christianorum,
2410 3615 2521 3700 qui
2578 3621 2717 3679 tota
2768 3621 2963 3678 nocto

621 3716 972 3781 ecclesiam
1038 3716 1425 3782 clamoribus
1487 3716 1689 3802 male·
1724 3718 2110 3782 sonantibus
2188 3718 2488 3803 implent,
2561 3727 2628 3806 et
2696 3728 2963 3803 propter

627 3828 1064 3888 mercatorum
1099 3805 1605 3905 negotiationes,
1651 3830 1718 3884 et
1759 3821 1978 3888 ultimo
2020 3832 2286 3907 propter
2328 3826 2746 3888 excessivam
2787 3822 2961 3888 mul-

627 3923 968 3988 titudInem
1009 3926 1294 4009 pulicum
1339 3924 1504 4010 (B),
1564 3927 1681 4011 qui
1723 3930 1789 3990 ιιι
1832 3921 2223 4012 pavimento
2255 3929 2544 4014 undiquc
2583 3928 2854 4009 saltant,

627 4031 1054 4114 ubicumque
1072 4031 1262 4096 homo
1315 4032 1495 4115 ponit
1551 4049 1638 4098 se
1691 4033 1779 4097 ιιι
1820 4033 2264 4102 dormiendum
2342 4034 2453 4099 vel
2495 4034 2581 4098 ad
2622 4031 2960 4115 orandum,

625 4136 848 4198 statim
890 4134 1124 4218 plenus
1163 4145 1266 4202 est
1277 4135 1652 4222 pulicibus,
1686 4156 1811 4204 noc
1853 4138 2197 4223 quiescere
2237 4149 2473 4223 potest.
2484 4125 2707 4206 Unde
2748 4146 2963 4202 antem

623 4239 890 4332 vqniant
933 4237 1179 4323 nescio,
1223 4242 1348 4305 nisi
1394 4242 1559 4306 sorte
1600 4262 1685 4306 ex
1729 4251 1964 4308 natura
2007 4244 2343 4320 marmotis
2384 4252 2824 4327 procreantur,
2856 4242 2966 4306 vol

625 4342 932 4410 custodes
1008 4344 1229 4427 templi
1293 4364 1409 4410 eos
1470 4351 1758 4412 nutriunt
1844 4358 1910 4413 et
1974 4368 2103 4413 non
2166 4349 2487 4414 accidunt.
2586 4350 2755 4414 Post
2818 4348 2969 4413 illos

2132 5215 2155 5223 ··
2228 5213 2691 5236 ——2—-713
2842 5207 3055 5236 --!····
