3242 5259
320 545 393 604 et
451 538 723 604 ficorum
773 542 1085 619 suntper
1126 549 1384 618 gyrum.
1470 538 1627 621 Ipsa
1664 552 1827 600 vero
1886 533 2213 620 eeclesia,
2254 546 2329 603 at
2366 537 2526 624 dixi,
2570 546 2677 604 est

318 647 745 710 subterranea
784 656 978 720 nunc,
1022 639 1324 723 quamvis
1364 639 1519 705 olim
1559 658 1691 705 non
1758 641 1974 724 fuerit,
2030 648 2107 705 ut
2163 650 2352 725 patet
2394 643 2675 709 intuenti

319 748 624 833 parides,
665 742 880 828 (14⁴¹
898 744 1007 828 A)
1049 745 1119 807 in
1158 744 1397 829 quibus
1436 744 1652 808 adhuc
1693 743 2024 809 fenestrae
2082 755 2240 810 sunt
2262 790 2286 831 ,
2344 747 2465 811 sed
2527 750 2679 814 sine

319 853 580 934 lumine,
625 852 780 937 quia
815 850 1186 934 pluviarum
1226 848 1563 914 inundatio
1604 866 1831 913 secum
1870 857 2116 915 terram
2141 848 2227 915 de
2270 859 2501 915 monte·
2533 862 2676 921 tra*

320 959 489 1023 luens
529 976 675 1021 ean
713 955 1018 1040 operuit,
1080 971 1206 1017 nec
1259 953 1455 1017 habet
1513 952 1772 1037 lumen,
1835 956 1964 1020 nisi
2025 957 2094 1021 in
2151 952 2299 1036 ejus
2370 956 2674 1024 orientali

317 1066 505 1147 parte
539 1068 648 1124 est
685 1068 992 1144 apertura
1015 1058 1191 1122 facta
1232 1076 1471 1122 versus
1509 1057 1785 1143 coelum,
1826 1068 1896 1124 et
1924 1080 2044 1145 per
2066 1062 2192 1126 hoe
2216 1060 2511 1124 summes
2545 1081 2675 1145 pa-

319 1186 462 1231 rum
504 1166 587 1232 de
630 1164 870 1229 lumine
910 1161 1129 1246 intrat,
1172 1171 1242 1227 et
1278 1163 1490 1228 solum
1533 1182 1733 1227 unum
1776 1161 2137 1226 ecclessiae
2174 1165 2482 1248 angulum
2518 1165 2675 1232 illu-

318 1280 501 1336 strat.
565 1273 714 1335 Hoc
755 1270 1045 1335 foramen
1087 1276 1191 1330 est
1216 1272 1520 1351 superius
1548 1287 1732 1333 muro
1761 1277 1845 1331 et·
1865 1269 2156 1352 margine
2185 1269 2672 1356 circumdatum,

318 1394 401 1441 ac
436 1377 495 1440 si
536 1384 719 1440 esset
759 1375 1066 1439 cisterna.
1108 1373 1297 1434 Haec
1338 1372 1643 1455 ecclesia,
1679 1370 2037 1437 secundum
2100 1374 2569 1459 Hieronymum
2601 1377 2672 1441 in

320 1499 618 1545 sermone
654 1479 737 1544 de
777 1478 1203 1560 assumtione,
1245 1483 1353 1539 est
1396 1476 1710 1542 fabricata
1750 1479 1910 1542 miro
1934 1476 2149 1562 lapide
2190 1479 2499 1565 tabulata,
2547 1481 2670 1545 sed

322 1604 366 1650 a
403 1595 588 1669 parte
629 1585 987 1668 aquilonari
1029 1581 1358 1665 sepulchri
1396 1600 1535 1646 non
1569 1590 1679 1647 est
1718 1601 2034 1647 marmore
2053 1584 2314 1667 vestita,
2337 1583 2456 1649 sed
2498 1586 2674 1652 nuda

320 1692 410 1755 ibi
451 1698 629 1774 patet
669 1697 874 1773 petra,
928 1687 1011 1751 de
1054 1705 1187 1772 qua
1228 1685 1353 1750 fuit
1395 1696 1877 1752 monumentum
1922 1689 2238 1772 excisum,
2281 1697 2349 1751 et
2390 1700 2495 1754 est
2535 1690 2668 1755 alta

322 1791 740 1877 testudinata,
765 1791 952 1878 plura
975 1790 1225 1856 habens
1263 1789 1508 1854 altaria.
1554 1789 1981 1875 Sepulchrum
2017 1811 2176 1856 vero
2199 1776 2497 1878 Virginis
2537 1804 2675 1861 stat

321 1901 389 1963 in
431 1897 665 1982 medio,
710 1905 780 1961 et
822 1907 927 1961 est
969 1893 1382 1979 domuncula,
1425 1897 1599 1959 sicut
1620 1906 2104 1962 monumentum
2122 1897 2410 1982 Domini,
2453 1909 2520 1963 et
2562 1910 2689 1965 est—

322 2004 664 2089 magniflce
706 2001 1077 2066 decoratum
1097 2046 1119 2085 ,
1178 2007 1247 2063 et
1308 1999 1713 2084 lampadibus
1773 2001 2159 2067 illustratum
2182 2046 2204 2086 ,
2256 2002 2407 2085 plus
2471 2022 2667 2091 quam

318 2106 710 2174 dominicum
757 2107 1192 2191 sepulchrum.
1243 2104 1464 2170 Habet
1506 2113 1727 2170 autem
1748 2105 1876 2170 duo
1918 2106 2191 2173 ostiola.-
2235 2126 2437 2173 unum
2482 2113 2668 2176 venit

322 2214 406 2278 ab
448 2212 786 2279 occidente
825 2231 867 2274 e
907 2212 1177 2294 regione
1217 2209 1477 2274 tumbae
1509 2227 1743 2274 sacrae
1761 2255 1782 2295 ‚
1824 2229 1995 2295 quae
2034 2212 2102 2275 in
2146 2214 2443 2278 orientali
2474 2225 2671 2301 ‘parte

321 2328 476 2402 stat,
518 2326 713 2402 caput
749 2316 1003 2380 habens
1049 2314 1134 2379 ad
1176 2311 1534 2400 meridiem,
1572 2324 1638 2379 et
1670 2315 1874 2399 pedes
1918 2315 1999 2379 ad
2038 2314 2422 2401 aquilonem.
2467 2318 2667 2384 Aliud

323 2423 624 2489 ostiolum
665 2430 770 2485 est
801 2420 890 2483 -ab
928 2418 1252 2503 aquilone,
1298 2429 1366 2482 et
1412 2438 1530 2505 per
1570 2438 1770 2483 unum
1814 2427 1916 2482 est
1936 2419 2295 2506 ingressus,
2335 2441 2453 2505 per
2492 2421 2667 2487 aliud

322 2544 657 2612 egressus,
700 2522 880 2611 quod
921 2542 1052 2588 non
1093 2532 1196 2588 est
1229 2528 1308 2589 “ln
1349 2524 1694 2609 sepulchro
1715 2523 1992 2588 Domini.
2037 2525 2113 2586 In
2156 2527 2301 2609 ipso
2324 2528 2668 2621 sepulchro

325 2631 630 2716 leguntur
672 2632 867 2694 etiam
907 2628 1204 2712 Missae,
1257 2633 1431 2696 sicut
1484 2633 1555 2695 in
1604 2627 1865 2694 Domini
1916 2641 2330 2696 monumento
2351 2678 2371 2716 ,
2436 2643 2503 2697 et
2540 2652 2666 2719 ego

322 2736 466 2821 ipse
504 2734 723 2819 plures
766 2735 835 2797 in
876 2752 955 2798 eo
998 2732 1327 2799 celebravi
1337 2782 1378 2821 ,.
1425 2746 1491 2801 et
1548 2745 1652 2799 est
1715 2732 1902 2798 locus
1963 2734 2351 2801 celebrandi.
2386 2740 2664 2803 omnium

324 2841 855 2922 Christianorum,
898 2838 1368 2925 cujuscumque
1410 2841 1573 2905 ritus
1616 2841 1748 2905 sint
1768 2884 1788 2917 ‚
1847 2857 1973 2903 nec
2027 2848 2132 2902 est
2193 2842 2383 2907 alicui
2426 2861 2666 2929 appro-

320 2946 574 3032 priatus
617 2944 809 3011 locus
843 2942 974 3007 ille.
1064 2942 1341 3006 Caetera
1392 2964 1551 3008 vero
1609 2942 1836 3007 altaria
1891 2942 2064 3008 illius
2118 2947 2440 3013 ecclesiae
2498 2955 2655 3012 sunt

323 3052 552 3115 ritibus
592 3057 834 3136 aptata.
923 3047 1094 3111 Nam
1137 3047 1339 3112 altare
1378 3047 1724 3132 sepulchro
1774 3053 2135 3132 proximum
2189 3059 2292 3113 est
2333 3049 2661 3114 Armeno-

323 3175 483 3218 rum.
513 3154 885 3219 Secundum
907 3153 1030 3217 sub
1054 3152 1358 3216 umbrosa
1381 3152 1711 3216 testudine
1732 3164 1835 3218 est
1856 3155 2339 3239 Georgicorum.
2378 3156 2664 3218 Tertium

321 3263 444 3323 sub
486 3258 773 3323 fenestra
810 3260 880 3320 in
923 3258 1121 3322 choro
1173 3265 1402 3321 contra
1449 3258 1764 3322 orientem
1802 3269 1908 3323 est
1931 3260 2348 3324 Graecorum.
2439 3257 2662 3339 Quar-

322 3373 456 3427 tum
524 3362 609 3426 ad
667 3362 1030 3448 aquilonem
1082 3362 1152 3426 iu
1196 3361 1436 3445 angulo
1490 3370 1594 3426 est
1634 3361 2035 3431 Latinorum.
2128 3361 2436 3443 Quintum
2473 3361 2666 3445 juxta

322 3468 597 3554 primum
636 3464 904 3551 gradum
950 3469 1358 3530 ascensionis
1397 3474 1504 3529 est
1544 3465 1973 3532 Indianorum.
2019 3469 2103 3530 Et
2145 3468 2234 3530 ibi
2277 3477 2379 3530 est
2404 3458 2666 3550 'pretio-

322 3589 470 3635 sum
513 3560 926 3656 sepulchrum
973 3569 1057 3633 de
1100 3568 1378 3635 candido
1447 3578 1515 3633 et
1577 3570 1779 3654 polito
1831 3588 2183 3655 marmore,
2242 3570 2310 3633 in
2373 3588 2503 3654 quo
2558 3580 2665 3634 est

321 3675 579 3760 sepulta
660 3674 1058 3740 venerabilis
1127 3675 1380 3759 Regina
1417 3674 1830 3759 Milecendis,
1874 3691 2044 3760 quae
2094 3676 2260 3739 hanc
2316 3672 2661 3738 ecclesiam

322 3779 709 3845 aedificavit.
794 3781 900 3844 Ab
940 3789 1214 3864 utroque
1256 3785 1478 3843 autem
1519 3778 1722 3843 latere
1762 3778 2078 3864 graduum
2121 3786 2278 3843 sunt
2319 3775 2665 3861 sepulchra

322 3895 578 3969 ornata,
624 3893 688 3947 et
740 3884 1034 3948 nonnulli
1095 3884 1357 3967 dicunt,
1401 3882 1573 3967 quod
1614 3884 1684 3948 in
1726 3903 1856 3948 uno
1909 3890 2141 3947 sancta
2188 3883 2416 3966 Anna,
2461 3893 2665 3951 mater

319 3991 550 4055 beatae
569 3991 886 4075 Virginis,
928 3992 1017 4053 sit
1057 3989 1355 4073 sepulta3
1380 3988 1449 4051 in
1493 3988 1698 4051 altero
1723 4007 1882 4053 vero
1921 3988 2244 4072 Joachim,
2286 3997 2471 4072 pater
2498 3988 2659 4072 ejus.

322 4098 395 4162 ln
447 4099 596 4179 ipsa
635 4095 918 4160 ecclesia
958 4104 1062 4158 est
1111 4114 1244 4159 una
1281 4094 1605 4178 profunda
1646 4096 1952 4176 cisterna,
1994 4093 2244 4159 habeus
2288 4093 2561 4181 frigidas
2597 4103 2665 4157 et

320 4199 534 4265 claras
593 4218 802 4286 aquas
821 4245 843 4284 ‚
900 4208 968 4265 et
1028 4198 1156 4283 illi,
1236 4201 1349 4285 qui
1421 4198 1649 4263 dicunt
1667 4242 1691 4283 ,
1733 4198 1906 4285 qnod
1948 4207 2202 4263 torrens
2238 4197 2519 4265 Cedros.
2537 4199 2662 4262 sub

322 4311 494 4367 terra
532 4304 878 4371 decursum
920 4323 1111 4371 sunm
1153 4305 1414 4386 habeat,
1449 4301 1692 4383 dicunt,
1730 4322 1937 4389 aquas
1994 4303 2143 4367 illas
2202 4322 2355 4367 esse
2396 4303 2481 4366 de
2523 4312 2661 4367 tor-

323 4416 505 4471 rente
545 4408 630 4472 de
706 4409 938 4473 subtus
1001 4408 1281 4493 fluente3
1338 4419 1405 4473 et
1462 4411 1527 4472 in
1581 4408 1775 4492 hujus
1835 4411 2129 4494 signum,
2197 4407 2659 4492 quandoquis
