3242 5259
1723 289 1812 354 80

597 476 724 542 Die
756 475 1353 563 advespeuscente
1393 470 1549 542 inde
1585 470 2001 554 recessimus,
2045 479 2113 536 et
2149 470 2233 534 ad
2274 472 2594 570 quendam
2642 493 2948 565 maguum

600 583 868 647 fluvium
911 580 1232 659 venimus,
1275 576 1343 640 in
1387 577 1574 659 eujus
1619 576 1804 639 litore
1846 596 1963 658 pet
2026 594 2221 645 unam
2269 578 2668 649 Venetorum
2724 592 2950 646 custo-

597 687 771 752 diam
815 687 1261 766 transivimus,
1303 690 1368 745 et
1413 660 1759 744 deinde⁶iu
1795 682 2060 765 villam,
2104 700 2273 764 quae
2327 682 2527 746 Ower
2567 687 2950 770 nominatur,

597 794 898 857 vertimus
940 790 1026 854 ad
1061 786 1591 873 pernoctandum,
1637 785 1809 870 qnod
1853 797 1917 850 et
1963 788 2261 856 fecimus.
2358 789 2558 852 Porro
2601 791 2950 872 hospitium

594 905 911 980 nostrum,
957 897 1130 959 sicut.
1170 902 1234 957 et
1280 901 1414 956 tota
1453 891 1641 955 villa..
1661 893 1745 956 ad
1767 892 2021 955 radices
2065 892 2401 975 cujusdam
2446 895 2682 957 montis
2728 894 2951 980 delec-

595 989 812 1073 tabilis
873 1009 942 1064 et
1003 999 1358 1082 graminosi
1424 998 1620 1060 situm
1681 1002 1841 1064 erat.
1941 998 2028 1060 Et
2106 999 2257 1062 dum
2322 1017 2528 1060 coena
2598 995 2948 1081 parabatur

597 1108 872 1173 transivi
919 1102 1066 1170 bum
1097 1104 1392 1167 Dominis
1435 1085 1503 1173 iu
1545 1105 1725 1165 curia
1749 1102 2003 1185 domus,
2046 1113 2111 1165 et
2149 1105 2517 1186 suspiciens
2560 1104 2726 1171 dixit
2769 1123 2948 1188 ecce,

596 1213 658 1275 si
692 1213 838 1295 quis
881 1216 949 1274 iu
991 1209 1339 1292 supercilio
1371 1205 1548 1275 iuius
1585 1209 1824 1271 montis
1868 1217 2080 1291 esset,
2143 1227 2321 1271 mare
2372 1226 2678 1292 magnum
2720 1209 2950 1273 videre

596 1325 842 1400 posset.
927 1315 1077 1378 Hoc
1139 1333 1287 1406 cun}
1344 1301 1599 1398 dunfini
1637 1313 2087 1376 audivissent:
2149 1314 2578 1377 ascendamus
2634 1315 2948 1407 inquiunt

591 1430 663 1484 et
702 1421 1042 1484 videamus
1076 1437 1301 1507 ωηο).
1282 1414 1486 1491 forte
1507 1427 1797 1494 nostrum
1821 1419 2102 1483 futurum
2127 1420 2559 1503 sepulchrum.
2602 1421 2686 1483 Et
2728 1423 2946 1484 statim

598 1535 732 1589 tres
774 1528 1036 1593 Domini
1073 1527 1235 1608 mei,
1246 1534 1359 1622 ⁴3⁸
1375 1518 1500 1586 duo
1544 1523 1733 1585 servi
1764 1532 1830 1585 et
1868 1542 1990 1606 ego
2024 1534 2304 1589 montem
2352 1526 2791 1611 ascendimus,
2832 1527 2945 1609 qui

594 1642 736 1707 erat
795 1633 996 1694 multo
1057 1631 1268 1718 altior,
1308 1636 1500 1725 quam
1526 1628 1746 1690 mobis
1802 1631 2113 1711 apparuit.
2222 1633 2308 1693 Et
2372 1631 2685 1714 conjectis
2740 1634 2947 1695 oculis

526 1782 535 1790 .
591 1745 822 1810 comm
867 1754 1026 1798 mer
1006 1734 1285 1823 ,gitanam
1330 1734 1611 1816 plagam,
1656 1738 1840 1795 extra
1880 1744 2183 1797 montana
2225 1737 2291 1797 in
2346 1736 2675 1818 planitiem
2697 1739 2943 1824 Italiae,

463 1854 473 1865 ·
565 1896 577 1911 ,
601 1849 667 1902 et
705 1849 861 1922 posi
886 1826 1220 1922 planitiem
1248 1856 1424 1901 mare
1445 1837 1982 1901 mediterraneum
2005 1829 2318 1904 vidimus:
2364 1843 2431 1903 iu
2454 1843 2642 1926 cujus
2680 1854 2949 1927 aspectu

489 1960 498 1969 “
593 1945 851 2021 Domiti
893 1947 1043 2027 mei,
1086 1934 1311 2027 utpote
1344 1942 1629 2025 juvenes
1672 1951 1738 2005 et
1781 1942 2060 2027 delicati,
2106 1945 2573 2027 quodammodo
2616 1949 2946 2012 conterriti

459 2045 495 2112 ’.“
593 2044 876 2133 staban't
919 2059 987 2113 et:
1030 2048 1323 2133 pericula
1362 2049 1577 2124 sutura
1617 2066 1764 2112 cum
1806 2049 1988 2113 mari‘
2011 2050 2627 2134 contemplabantur.
2733 2055 2817 2117 Et
2861 2054 2944 2116 de

595 2156 769 2220 facto
808 2154 949 2237 ego
1004 2157 1148 2238 ipse
1202 2158 1272 2218 in
1325 2154 1483 2237 ejus·
1533 2163 1804 2238 aspectu
1860 2153 2136 2237 quodam
2192 2164 2367 2218 metu
2422 2175 2784 2221 concussus
2827 2158 2943 2242 fui,

444 2268 483 2334 ,ξ
595 2256 967 2363 quanquam
994 2268 1170 2357 'suas
1213 2258 1674 2323 amaritudines
1715 2261 1885 2326 bene
1914 2269 2337 2342 gustassem.
2351 2261 2594 2325 Habuit
2633 2265 2803 2326 enim
2845 2265 2945 2326 sic

593 2363 675 2426 de
719 2374 965 2435 moute
980 2340 1478 2457 contemplatum
1535 2368 1699 2428 satis
1755 2367 2081 2430 horridum
2138 2375 2491 2449 aspectum.
2586 2367 2947 2432 Videbatur

498 2459 509 2469 ⁴
586 2464 765 2552 quod
812 2479 998 2551 esset
1016 2472 1108 2562 ‘iu
1147 2471 1504 2554 propinquo
1547 2479 1611 2532 et
1634 2470 1734 2533 sol
1783 2472 2106 2534 serotinus
2127 2480 2391 2569 partem
2417 2469 2560 2552 ejus
2584 2471 2947 2535 illustrabat

589 2575 1004 2659 αιιιοιίοφιιι,
1016 2546 1379 2657 reliquum,
1403 2575 1591 2658 cujus
1633 2576 1831 2640 finem
1858 2577 2084 2640 videre
2108 2595 2297 2640 nemo
2341 2585 2577 2659 potest,
2606 2576 2946 2641 videbatur

510 2696 524 2705 ·
593 2697 748 2743 esse
790 2677 1031 2742 nebula
1055 2746 1068 2760 ,
1089 2680 1367 2762 elevata,
1421 2697 1679 2763 crassa,
1723 2690 1893 2763 atra,
1957 2681 2133 2744 aerei
2202 2679 2437 2743 coloris
2494 2682 2943 2762 nigrescentis.

595 2782 875 2847 Demum
927 2786 1146 2848 satiati
1223 2786 1364 2849 hoc.
1404 2794 1690 2870 aspectu·
1731 2802 1850 2866 per
1907 2793 2214 2849 montana
2276 2785 2343 2846 in
2396 2794 2617 2847 nostro
2672 2786 2945 2849 circuitu

540 2929 548 2936 -
592 2890 999 2971 respeximus
1068 2898 1135 2969 et
1162 2890 1395 2953 ‘multa
1455 2891 1724 2971 antiqua
1784 2887 2120 2951 destructa
2188 2895 2407 2966 castra
2466 2887 2765 2956 vidimus.
2870 2891 2945 2955 In

590 3000 810 3055 monte
865 2994 1083 3076 etiam,
1159 2994 1267 3056 ubi
1344 3012 1622 3076 eramus,
1666 2994 1790 3055 sub
1851 2992 2128 3074 pedibus
2163 2976 2528 3087 'murorum'
2566 3011 2944 3077 magnorum

592 3096 819 3158 ruinae
863 3106 929 3158 et
952 3097 1198 3160 fossata
1220 3118 1338 3181 per
1373 3101 1713 3162 circuitum
1754 3113 1954 3180 supra
1972 3105 2273 3180 montem,
2303 3102 2369 3157 et
2402 3096 2653 3178 piscina
2675 3100 2945 3182 pulchra

593 3196 851 3280 (sm)
893 3199 1106 3264 adbuc
1147 3221 1379 3285 aquam
1425 3206 1711 3266 retinens
1751 3203 1841 3266 ibi
1885 3211 2024 3265 erat
2068 3212 2133 3265 et
2171 3202 2498 3285 pascualis
2553 3222 2742 3268 mons
2799 3207 2939 3270 suit.
2999 3216 3009 3225 ·

590 3303 677 3367 Et
728 3304 1076 3369 creduntur
1125 3305 1245 3397 211⁸
1296 3316 1515 3372 castra
1567 3308 1783 3372 omnia
1841 3308 2184 3371 aedificata
2244 3307 2451 3372 fnisse
2515 3309 2596 3371 ab
2652 3313 2944 3376 exercitu

593 3409 947 3477 Antenoris
1021 3410 1353 3504 Trojaui...
1339 3395 1567 3494 qnia
1554 3432 1735 3489 cum
1792 3414 2172 3481 Badnanum
2243 3414 2467 3477 urbem
2528 3414 2943 3482 aedificasset

595 3514 662 3578 in
704 3515 921 3619 plano,
966 3490 1401 3582 ascenderunt
1440 3522 1515 3585 iu
1553 3527 1862 3582 montana
1899 3529 1962 3583 et
2005 3521 2242 3604 oppida
2282 3530 2349 3583 et
2393 3530 2610 3583 castra
2631 3522 2943 3585 aedifica-

592 3630 827 3683 verunt
856 3603 1083 3685 contra
1108 3624 1562 3715 transalpinos,
1608 3625 1718 3707 qui
1748 3633 1930 3688 crant
1972 3625 2267 3689 homines
2324 3624 2538 3690 adhuc
2578 3627 2943 3708 silvestres,

594 3746 769 3786 more
814 3693 1163 3790 bestiarum
1205 3730 1527 3801 viventes.
1611 3730 1870 3793 Interea
1925 3730 2077 3795 dnm
2145 3731 2228 3795 de
2286 3731 2389 3794 his
2445 3749 2590 3794 cum
2641 3730 2940 3794 Dominis

590 3834 754 3890 meis
802 3830 1097 3914 loquerer
1143 3838 1206 3895 in
1249 3843 1484 3918 monte,
1526 3834 1761 3897 occidit
1803 3836 1943 3919 sol,
1989 3845 2054 3899 et
2099 3835 2497 3900 descendere
2538 3837 2938 3920 incepimus3

590 3946 931 4018 autequam
995 3950 1208 4002 autum
1262 3941 1330 4002 in
1397 3939 1745 4022 hospitium
1799 3943 2142 4024 venimus,
2185 3942 2446 4005 fuerunt
2487 3940 2822 4023 tenebrae,
2872 3950 2939 4003 et

516 4072 531 4088 ·
590 4054 734 4102 uum
782 4042 1019 4106 lumine
1067 4046 1276 4109 cibum
1319 4028 1655 4126 sumentes
1699 4044 2041 4111 dormitum
2079 4047 2335 4110 ivimus.

754 4146 1123 4210 *inussima
1167 4149 1391 4233 quinta
1452 4149 1559 4223 die
1624 4161 1765 4215 erat
1828 4151 2066 4227 festum
2129 4151 2198 4213 S.
2262 4150 2508 4234 Μαι-οἱς
2570 4150 2937 4233 optavimus

586 4266 706 4314 nu·
750 4270 899 4314 esse
939 4254 999 4314 V
1007 4258 1254 4336 meliis,
1284 4257 1437 4341 qma
1459 4256 1583 4320 hoc
1608 4257 1847 4344 festum
1871 4256 2107 4320 ibidem
2130 4274 2276 4325 cam
2309 4255 2585 4321 maximo
2624 4266 2937 4339 apparatu

590 4366 650 4418 ut
694 4358 897 4418 multa
939 4358 1143 4442 gloria
1187 4363 1528 4453 peragitur.
1622 4339 2014 4426 Audivimus
2072 4366 2332 4423 tamen
2357 4359 2640 4427 Missam
2696 4361 2779 4426 de
2834 4363 2935 4428 St.
