3242 5259
1642 359 1767 427 ¹28

526 542 725 606 tantis
759 540 1234 612 discriminibus
1259 547 1327 606 et
1352 537 1663 625 periculis
1692 538 2051 606 existentes
2072 537 2197 601 Dei
2219 555 2348 601 non
2373 537 2864 606 obliviscantur.

509 649 763 722 ,Tribus
840 666 997 732 ergo
1075 648 1331 712 vicibus
1390 666 1507 730 per
1576 646 1748 711 diem
1810 646 2078 713 adorant
2138 650 2208 711 in
2286 647 2566 712 navibus
2640 641 2873 710 nem.

524 754 742 820 Pmo
779 771 971 817 mane
1010 756 1078 818 in
1114 764 1258 818 ortu
1300 754 1493 838 solis,
1537 761 1694 817 tunc
1728 755 1899 817 enim
1941 753 2179 838 aliquis
2227 753 2313 817 de
2353 754 2573 818 senis
2622 752 2876 818 domim

527 863 806 947 patroni,
849 868 1035 924 stans
1076 861 1144 922 iu
1183 858 1317 922 alto
1364 867 1518 922 anto
1561 858 1926 944 castellum,
1964 861 2237 942 imperat
2268 859 2487 926 fletus
2526 858 2876 942 imum,

527 986 659 1053 qua
730 966 903 1029 facto
981 966 1173 1049 erigit
1231 964 1553 1049 tabulam,
1612 966 1683 1027 iu
1746 983 1878 1049 qua
1928 964 2189 1049 depicta
2252 974 2356 1027 est
2418 965 2611 1032 beata
2667 965 2876 1048 Virgo

528 1092 798 1157 punam
842 1080 1074 1135 teneus
1115 1071 1186 1133 in
1229 1069 1435 1153 ulnis3
1480 1090 1673 1155 quam
1716 1073 1935 1135 cuncti
1974 1071 2280 1135 videntes
2322 1089 2541 1154 genua
2587 1071 2880 1154 flectunt,

530 1189 604 1246 et
640 1178 800 1241 Avo
854 1176 1070 1240 Maria
1143 1176 1401 1258 dicuntf,
1465 1185 1529 1240 et
1584 1175 1751 1240 alias
1806 1178 2133 1240 orationes
2187 1177 2248 1239 si
2311 1176 2545 1260 placet.
2645 1174 2881 1242 Stat‘m

531 1291 762 1366 autem·
790 1290 864 1346 ut
899 1281 1188 1346 tabulam
1230 1283 1495 1346 remittit
1509 1325 1531 1365 ,
1571 1283 1890 1365 incipiunt
1933 1281 2252 1344 tubicines
2296 1297 2531 1344 canere
2572 1280 2767 1364 tubis,
2804 1288 2880 1346 ot
2908 1285 2917 1294 ’

409 1399 428 1420 ·-
499 1399 689 1476 ,tm
753 1389 1201 1471 unusquisque
1263 1385 1555 1472 procedit
1614 1384 1697 1449 ad
1768 1405 1966 1470 opera
2023 1386 2233 1451 solita.
2333 1385 2639 1451 Secundo
2702 1387 2885 1450 circa

529 1495 759 1576 horam
797 1494 978 1557 V111.
1022 1502 1176 1556 ante
1218 1492 1547 1556 meridiem
1589 1492 1821 1556 iterum
1862 1493 2121 1575 signum
2156 1491 2230 1555 fit
2269 1490 2352 1554 ad
2396 1493 2770 1573 orationem,
2810 1499 2879 1556 et

534 1617 756 1684 capsa,
800 1617 971 1681 quae
1012 1607 1146 1661 stat
1187 1579 1486 1682 superius
1510 1596 1593 1660 ad
1616 1597 1878 1681 malum,
1905 1600 2189 1681 operitur
2225 1616 2375 1660 cum
2409 1614 2625 1681 panno
2664 1596 2881 1680 aliquo

540 1704 830 1789 pulchro,
873 1711 938 1765 et
979 1712 1305 1784 ponuntur
1348 1720 1547 1786 super
1571 1722 1722 1765 eam
1767 1703 1893 1767 duo
1938 1703 2344 1784 candelabra,
2385 1720 2533 1766 cum
2578 1702 2885 1766 accensis

534 1806 862 1891 candelis,
921 1817 990 1872 et
1041 1809 1109 1870 in
1149 1806 1361 1871 medio
1402 1807 1934 1872 candelabrorum
1978 1808 2198 1873 tabula
2239 1806 2569 1882 crucifixi,
2615 1816 2679 1871 et
2720 1806 2884 1878 liber

536 1915 854 1997 missalis,
910 1932 989 1977 ac
1047 1914 1107 1976 si
1165 1913 1449 1975 officium
1512 1913 1762 1976 Missae
1822 1913 2086 1978 deberet
2148 1913 2491 1997 celebrari3
2536 1922 2602 1976 et
2657 1927 2886 1976 omnes

524 2011 866 2108 peregrini
908 2016 1288 2100 ascendunt,
1324 2017 1741 2082 circumstant
1780 2019 2034 2082 malum.
2079 2018 2541 2084 Tuncaccedit
2572 2017 2886 2082 sacerdos

537 2123 770 2188 stolam
813 2125 882 2185 iu
927 2123 1093 2187 collo
1138 2123 1424 2206 habens,
1468 2132 1533 2185 et
1576 2122 1832 2206 incipit:
1891 2122 2252 2206 Confiteor3
2298 2132 2362 2186 et
2407 2130 2886 2207 consequenter

539 2230 761 2294 omnia
825 2229 1019 2312 legit,
1086 2246 1232 2290 cum
1301 2229 1599 2293 omnibus
1674 2230 1958 2293 moribus
2041 2226 2401 2292 sacerdotis
2468 2227 2881 2310 celebrantis,

539 2334 801 2417 dempto
862 2349 1148 2418 canone,
1211 2352 1406 2416 quem
1468 2353 1597 2398 non
1662 2334 1854 2418 legit,
1899 2336 2057 2417 quia
2110 2353 2240 2397 non
2305 2333 2605 2401 conficitt
2664 2343 2731 2400 et
2792 2334 2890 2398 ita

542 2441 795 2523 perficit
836 2440 1146 2518 Missam,
1198 2441 1343 2501 sine
1395 2438 1715 2502 sacrificio
1757 2440 2042 2523 Missae,
2096 2438 2492 2503 concludens
2555 2435 2890 2504 emaum

551 2543 945 2626 Evangelio:
1009 2545 1085 2607 In
1124 2543 1439 2626 principio
1483 2554 1621 2608 erat
1663 2546 1955 2611 verbum.
2039 2544 2195 2607 Illas
2252 2545 2500 2607 Missas
2556 2545 2890 2609 nominant

544 2650 797 2714 Missas
841 2648 1148 2732 torridas,
1190 2650 1302 2713 vel
1345 2648 1579 2712 aridas.
1662 2649 1773 2712 An
1818 2658 2033 2713 autem
2071 2649 2179 2713 hic
2221 2649 2451 2713 modus
2494 2651 2580 2714 sit
2624 2651 2690 2714 in
2728 2649 2889 2731 jure

548 2753 876 2839 fundatus,
923 2773 1052 2819 non
1095 2754 1355 2818 memmi
1391 2772 1495 2817 me
1536 2753 1800 2837 legisse.
1857 2753 1994 2817 Sed
2033 2754 2160 2816 hoc
2201 2755 2360 2837 scio,
2402 2753 2577 2838 quod
2617 2755 2892 2839 ‹suffis-

549 2860 697 2924 dam
746 2860 955 2924 doctis
1010 2877 1139 2922 non
1196 2860 1432 2942 placet.
1517 2857 1759 2925 Dicunt
1821 2860 1992 2922 enim
2047 2856 2220 2942 quod
2285 2857 2509 2939 legere
2560 2875 2677 2939 ea,
2721 2877 2899 2940 quae

549 2965 897 3029 manifeste
962 2972 1306 3028 cantantur
1343 2981 1384 3026 a
1423 2965 1654 3046 choro,
1741 2982 1869 3026 non
1927 2971 2029 3026 est
2071 2961 2571 3043 inconveniens3
2633 2960 2754 3024 sed
2810 2979 2896 3023 ea

553 3068 774 3151 legere
835 3085 984 3131 cum
1025 3067 1197 3130 stola
1236 3077 1303 3130 et
1342 3068 1594 3130 Missae
1631 3067 1915 3130 moribus
1959 3075 2024 3128 et
2065 3064 2577 3128 sacerdotalibus
2621 3063 2894 3136 sollem-

527 3157 882 3253 nitatibus,
916 3173 1008 3235 sit
1049 3170 1504 3255 deceptorium.
1547 3171 1624 3233 In
1666 3168 2129 3233 festivitatibus
2170 3176 2435 3232 cantant
2449 3166 2597 3230 illas
2622 3168 2890 3232 Missas.

558 3275 694 3340 Sed
725 3276 1134 3339 Eucharistla
1174 3293 1506 3360 nunquam
1543 3274 1610 3337 in
1648 3273 1802 3337 navi
1836 3273 2189 3337 conficitur.
2233 3274 2338 3338 De
2379 3272 2566 3355 eujus
2610 3274 2897 3340 carentia

556 3391 709 3445 ante
749 3389 1062 3445 maturam
1095 3379 1621 3442 deliberationem
1662 3397 1864 3463 saepe
1901 3380 2166 3443 miratus
2208 3380 2321 3462 sui,
2357 3388 2422 3443 et
2458 3378 2896 3462 negligentiae

561 3494 923 3550 nostrorum
982 3485 1423 3549 Praelatorum
1490 3483 1845 3568 adscripsi,
1916 3486 2104 3567 quasi
2173 3486 2386 3549 minus
2449 3494 2749 3546 curarent
2814 3482 2895 3546 de

558 3589 831 3655 filiorum
874 3591 1195 3655 ecclesiae
1236 3588 1484 3671 salute,
1529 3608 1723 3676 quam
1766 3589 2031 3673 dignum
2074 3600 2135 3653 et
2169 3588 2419 3680 justum
2461 3607 2543 3652 ae
2580 3606 2897 3652 neeessa-

563 3687 726 3759 rium
786 3705 993 3780 esset,
1052 3697 1401 3780 praecipue
1450 3706 1666 3761 tamen
1709 3714 1856 3761 cum
1901 3696 2221 3780 legamus,
2271 3691 2443 3777 quod
2489 3704 2778 3777 tempore
2816 3694 2897 3756 B.

559 3799 904 3884 Gregorii·
942 3803 1179 3867 fuerint
1256 3802 1506 3865 Missae
1565 3804 1639 3870 in
1700 3803 1852 3866 navi
1909 3801 2307 3883 celebratae,
2373 3799 2482 3862 vel
2546 3799 2630 3863 ad
2685 3798 2898 3862 minus

557 3903 973 3971 Eucharistia
1037 3910 1106 3971 iu
1172 3926 1251 3972 ea
1315 3918 1743 3992 conservata,
1819 3916 1893 3970 ut
1949 3913 2129 3991 patet
2190 3905 2237 3970 8
2289 3904 2732 3988 Dialogorum,
2787 3903 2897 3967 ubi

557 4011 849 4096 habetur,
876 4012 1047 4096 quod
1088 4011 1350 4096 quidam
1390 4013 1737 4095 periclitati
1777 4013 1847 4075 in
1883 4011 2044 4074 mari
2064 4009 2401 4074 Adriatico
2443 4009 2900 4074 communicati

560 4117 816 4182 suerunt
862 4135 1132 4201 corpore
1179 4126 1247 4180 et
1287 4119 1608 4208 sanguine
1650 4115 1932 4185 Domini.
1996 4114 2081 4178 Et
2120 4117 2192 4177 in
2234 4115 2516 4199 legenda
2553 4116 2627 4179 Β.
2672 4112 2902 4178 Ludo-

535 4222 690 4288 vici
710 4268 731 4308 ‚
772 4221 984 4306 aegis
1051 4221 1410 4286 Franciaet-
1493 4221 1606 4284 Et.
1644 4218 1987 4283 videbatur
2062 4221 2219 4284 mihi
2270 4237 2515 4305 magna
2578 4220 2905 4284 eeclesiae

556 4327 987 4412 negligentia,
1079 4325 1252 4411 quod
1303 4321 1374 4388 in
1437 4326 1638 4390 tantis
1703 4324 2013 4407 periculis
2088 4327 2457 4392 constituta
2521 4343 2652 4392 non
2721 4334 2904 4389 esset

554 4435 844 4517 provisio
881 4433 1060 4500 faeta
1097 4425 1338 4498 dudum
1380 4448 1528 4497 cum
1571 4431 2001 4496 sacramentis
2035 4439 2102 4494 et
2143 4434 2482 4515 signanter
2517 4432 2902 4519 peregrinis,

1355 4605 1384 4616 u-

1323 4625 1374 4644 *-
