3242 5259
1547 311 1636 377 ⁷⁷

406 504 509 561 est
544 495 885 577 contentio
928 509 1061 556 non
1102 490 1356 556 modica
1397 493 1575 558 inter
1615 492 1908 579 nobiles,
1953 506 2026 560 et
2071 495 2418 595 disputat-‘o
2459 500 2658 591 longa
2695 500 2766 573 ἁ

407 602 647 665 rixosa.
676 584 1028 661 Tandem
1090 604 1307 660 autem
1360 600 1565 680 petita
1629 599 2059 679 responsione
2107 618 2295 688 mea,
2359 602 2761 675 conclusioni

408 713 475 767 et
534 703 903 771 sententiae
960 718 1147 763 meae
1199 709 1379 764 stare
1445 701 1871 764 affirmabant.
1982 702 2293 770 Conclusi
2356 710 2545 795 ergo,
2607 712 2761 776 licet

420 827 570 875 cum
634 805 1007 873 formidine·
1072 803 1354 869 dandum
1424 823 1576 869 esse
1649 805 2015 888 joculatori.
2120 809 2367 895 Sicque
2442 813 2761 880 dederunt

415 930 650 981 munus
694 909 1036 974 fistulatoti
1080 920 1147 974 et
1187 909 1333 992 ejus
1375 911 1582 974 uxori.
1655 908 1824 975 Cum
1860 920 2075 977 autem
2117 913 2378 979 domum
2419 914 2758 1019 redissem,

398 1017 706 1103 quaesivi
766 1019 836 1078 iu
906 1015 1171 1098 scriptis
1258 1015 1648 1098 Βοοιοιιιιιι,
1712 1033 1798 1078 an
1871 1018 2040 1081 bene
2097 1022 2638 1107 sententiassem,
2693 1033 2762 1087 et

408 1124 617 1207 reperi
685 1120 1077 1185 sententiam
1138 1139 1349 1185 meam
1402 1121 1475 1183 in
1546 1117 1882 1203 Gersone,
1950 1122 2018 1184 in
2062 1120 2314 1187 duobus
2382 1126 2583 1190 locis:
2647 1131 2759 1194 ubi

404 1236 640 1291 tractat
683 1226 766 1290 de
824 1226 1162 1309 Avaritia,
1221 1227 1292 1290 in
1334 1228 1604 1291 materia
1648 1225 1731 1289 de
1779 1225 1842 1288 7.
1902 1230 2192 1310 peccatis
2257 1230 2642 1313 capitalibus
2694 1241 2761 1296 et

403 1331 487 1395 de
529 1332 899 1415 cognitione
961 1341 1397 1415 peccatorum,
1482 1333 1609 1397 Ubi
1653 1333 1871 1416 habet,
1913 1330 2085 1415 qnod
2129 1332 2297 1396 tales
2340 1334 2760 1420 fistulatores,

394 1438 828 1521 joculatores,
892 1436 1392 1519 gesticulatores
1463 1454 1595 1501 non
1647 1447 1802 1500 sunt
1843 1438 1912 1500 in
1952 1445 2131 1501 statu
2185 1435 2649 1523 damnationis,
2691 1449 2762 1504 et

403 1543 577 1626 quod
627 1541 785 1605 talia
846 1518 1126 1624 possunt
1186 1541 1404 1605 dicere
1465 1551 1577 1604 aut
1635 1543 1890 1639 facere.
1917 1542 2063 1605 sine
2129 1553 2404 1626 peccato
2469 1545 2756 1611 mortali:

403 1647 706 1732 quamvis
787 1647 922 1709 sint
982 1647 1186 1711 verba
1252 1654 1364 1709 aut
1431 1646 1607 1710 facta
1665 1632 1918 1729 ociosa,
1971 1647 2233 1732 jocosa,
2298 1659 2365 1713 et
2431 1649 2756 1716 interdum

402 1752 737 1835 mendosa,
769 1751 959 1814 salva
992 1759 1210 1813 tamen
1244 1751 1607 1832 honestate,
1647 1753 1774 1814 nisi
1816 1752 2015 1816 faciat
2058 1753 2215 1816 talia
2247 1755 2459 1819 solnm
2493 1765 2757 1840 propter

400 1857 930 1921 tumulationem:
996 1872 1229 1939 secus,
1286 1857 1345 1918 si
1387 1866 1652 1941 propter
1694 1858 2233 1923 sustentationem
2288 1870 2356 1924 et
2395 1861 2650 1927 lucrum
2688 1870 2757 1925 et

400 1971 663 2048 propter
702 1963 1065 2046 principum
1112 1979 1192 2025 ac
1235 1960 1667 2046 dominorum,
1710 1980 1878 2047 qnae
1919 1965 2096 2027 curis
2141 1967 2398 2048 magnis
2434 1978 2756 2051 praegra-

398 2077 667 2152 vantur,
712 2070 1203 2133 recreationem.
1290 2064 1482 2145 Quod
1522 2068 1700 2131 hunc
1741 2066 2169 2149 joculatorem
2218 2069 2461 2134 fecisse
2512 2070 2751 2155 dopre-

398 2174 738 2239 hendimus
752 2219 772 2256 ‚
835 2175 948 2256 qui
990 2172 1405 2241 Tridentinus
1450 2181 1591 2235 erat
1656 2173 2110 2255 mechanicus,
2162 2183 2229 2237 et
2272 2193 2404 2239 non
2446 2156 2752 2240 continue

390 2280 829 2364 joculabatur‚
875 2277 998 2342 sed
1053 2287 1303 2342 tantum
1346 2279 1416 2342 in
1472 2276 1762 2340 adventu
1804 2278 2166 2360 principum
2211 2287 2278 2341 et
2323 2279 2752 2347 domitarum:

398 2405 546 2451 cum
586 2386 761 2448 enim
803 2380 1173 2449 audivisset
1211 2399 1365 2444 esse
1400 2380 1780 2464 peregrinos
1822 2389 2034 2444 terrae
2059 2391 2348 2467 sanctae,
2376 2400 2500 2473 pro·
2529 2402 2754 2450 eornm

396 2491 628 2556 solatio
696 2497 765 2551 et
820 2505 943 2550 suo
1005 2484 1245 2549 salario
1300 2485 1609 2567 ludebat,
1640 2494 1715 2548 ut
1767 2505 2019 2551 moeror
2075 2496 2143 2550 et
2185 2486 2487 2579 uiximus
2529 2494 2756 2550 nostra

396 2597 831 2660 remitteretur
872 2589 1225 2673 paululum.

536 2695 909 2761 vicessima
930 2692 1222 2757 secunda
1240 2692 1347 2756 die
1365 2688 1736 2756 andivimus
1748 2678 2024 2763 Missam
2049 2694 2133 2759 ad
2151 2693 2463 2759 Sanctum
2484 2713 2756 2778 puerum

396 2805 753 2889 symonem
793 2809 861 2862 et
901 2798 1237 2883 prandium
1278 2801 1347 2861 in
1391 2794 1671 2880 hospitio
1728 2792 2149 2880 sumpsimus.
2233 2799 2493 2862 Deinde
2533 2800 2759 2864 stratis

395 2911 584 2995 equis
637 2907 723 2971 de
776 2907 1041 2969 civitate
1076 2905 1349 2989 profecti
1412 2921 1664 2966 snmus.
1754 2902 1994 2967 Statim
2037 2913 2254 2973 autem
2310 2912 2465 2966 ante
2508 2912 2759 2988 portam

395 3013 681 3079 civitatis
720 3030 839 3096 per
879 3011 1299 3094 praecipitem
1338 3009 1583 3073 clivum
1624 3006 2066 3090 ascendimus,
2124 3008 2520 3073 dimittentes
2579 3007 2758 3073 illam

393 3119 762 3184 inferiorem
801 3118 979 3181 viam
1023 3133 1193 3198 quae
1234 3132 1442 3199 snper
1494 3114 1754 3177 alveum
1809 3112 2081 3177 Athesis
2139 3111 2477 3178 descendit
2532 3122 2761 3179 contra

392 3226 749 3290 Veronam.
834 3221 959 3284 Est.
993 3229 1211 3283 autem
1255 3237 1574 3284 ascensus
1614 3220 1728 3283 ille
1767 3236 1900 3282 non
1953 3219 2166 3283 solum
2221 3238 2575 3305 praeceps,
2634 3218 2758 3284 sed

394 3340 502 3395 est
541 3347 671 3393 una
713 3335 901 3410 petra
956 3326 1157 3417 rubea
1218 3334 1285 3388 et
1346 3325 1429 3389 de
1484 3324 1833 3405 durissimo
1887 3338 2234 3392 marmore.
2317 3324 2504 3390 Unde
2564 3326 2758 3389 ettam

395 3451 622 3501 omnes
664 3434 831 3496 muri
894 3439 962 3495 et
1015 3431 1271 3499 moenia
1326 3431 1614 3497 civitatis
1675 3428 2051 3499 'tridentina
2101 3439 2257 3493 sunt
2324 3430 2408 3494 de
2470 3432 2757 3514 pretioso

394 3550 463 3607 et
503 3538 772 3623 pulchro
814 3555 1156 3620 marmore,
1199 3535 1321 3599 sed
1360 3554 1487 3599 non
1545 3535 1770 3618 polito.
1871 3533 2033 3601 Post
2089 3534 2354 3617 longum
2410 3546 2756 3605 ascensum

392 3646 476 3713 ab
524 3645 655 3708 alia
696 3651 882 3727 parte
914 3638 1374 3705 descendimus
1416 3651 1483 3704 et
1523 3644 1591 3703 in
1609 3639 1887 3703 Persam
1928 3640 2151 3705 viliam
2191 3640 2508 3705 venimus.
2551 3639 2759 3705 Persa

394 3748 568 3814 onim
608 3758 716 3813 est
756 3747 918 3812 villa
970 3764 1247 3837 magna,
1290 3755 1356 3809 et
1397 3764 1599 3828 snpra
1655 3744 1880 3807 viltam
1941 3746 2012 3809 in
2052 3754 2271 3811 monto
2330 3754 2433 3808 est
2471 3753 2757 3817 rastrum

390 3855 661 3941 grande,
707 3855 898 3939 quasi
940 3852 1198 3933 civitas,
1239 3868 1387 3916 cum
1432 3851 1585 3913 altis
1629 3848 1914 3913 turribus
1980 3859 2047 3913 et
2087 3868 2324 3935 magno
2392 3869 2574 3914 muro
2639 3867 2761 3934 per

392 3962 775 4044 circuitum,
839 3968 907 4021 et.
957 3957 1141 4021 multi
1202 3957 1545 4040 opinantur
1601 3973 1689 4025 ex
1739 3955 2001 4019 nomine
2055 3954 2230 4020 illius
2286 3956 2523 4038 castri,
2584 3951 2760 4039 quod
2845 4036 2858 4051 ⁸

391 4066 701 4149 Perseus,
748 4062 948 4128 totius
991 4061 1347 4127 nobilitatis
1393 4060 1716 4128 Graeciae
1760 4070 1956 4144 pater
2009 4062 2136 4126 hoc
2190 4070 2476 4127 castrum
2529 4058 2761 4123 aedifi-

394 4174 667 4254 caverit,
707 4170 845 4233 vel
863 4156 1096 4253 aliquis
1138 4167 1413 4233 filiorum
1472 4164 1619 4250 ejirs
1675 4175 1790 4229 ant
1862 4164 2266 4233 subditorum
2308 4167 2451 4249 ejus
2473 4210 2494 4248 ,
2555 4172 2623 4227 et
2676 4182 2762 4229 ex

396 4276 544 4358 ejus
587 4277 850 4357 nomine
868 4274 1136 4358 Persea,
1180 4275 1547 4337 nominetur
1558 4269 1776 4357 hodie,
1820 4270 1993 4341 sieut
2033 4280 2102 4334 et
2137 4289 2407 4355 regnum
2448 4266 2762 4349 Persidis,

398 4380 576 4467 quod
641 4368 789 4466 i'pse
844 4376 931 4447 dc
988 4380 1270 4447 Graecia
1323 4378 1599 4445 veniens
1657 4385 1728 4440 et
1777 4374 2135 4467 devincens
2187 4394 2229 4438 a
2293 4388 2372 4435 se
2424 4369 2762 4435 Persidem
