<?xml version="1.0" encoding="UTF-8"?>
<!DOCTYPE html PUBLIC "-//W3C//DTD XHTML 1.0 Transitional//EN"
    "http://www.w3.org/TR/xhtml1/DTD/xhtml1-transitional.dtd">
<html xmlns="http://www.w3.org/1999/xhtml" xml:lang="en" lang="en">
 <head>
  <title>
</title>
<meta http-equiv="Content-Type" content="text/html;charset=utf-8" />
  <meta name='ocr-system' content='tesseract 3.04.00' />
  <meta name='ocr-capabilities' content='ocr_page ocr_carea ocr_par ocr_line ocrx_word'/>
</head>
<body>
  <div class='ocr_page' id='page_1' title='image "./fratrisfelicisf00unkngoog_0112.png"; bbox 0 0 3242 5259; ppageno 0'>
   <div class='ocr_carea' id='block_1_1' title="bbox 1662 347 1750 413">
    <p class='ocr_par' dir='ltr' id='par_1_1' title="bbox 1662 347 1750 413">
     <span class='ocr_line' id='line_1_1' title="bbox 1662 347 1750 413; baseline -0.011 0"><span class='ocrx_word' id='word_1_1' title='bbox 1662 347 1750 413; x_wconf 73' lang='lat'><strong>94</strong></span> 
     </span>
    </p>
   </div>
   <div class='ocr_carea' id='block_1_2' title="bbox 483 523 2892 3896">
    <p class='ocr_par' dir='ltr' id='par_1_2' title="bbox 483 523 2892 3896">
     <span class='ocr_line' id='line_1_2' title="bbox 525 523 2890 626; baseline -0.001 -25"><span class='ocrx_word' id='word_1_2' title='bbox 525 535 908 626; x_wconf 62' lang='lat' dir='ltr'><strong>contingere</strong></span> <span class='ocrx_word' id='word_1_3' title='bbox 927 545 1291 618; x_wconf 78' lang='lat' dir='ltr'><strong>possemus.</strong></span> <span class='ocrx_word' id='word_1_4' title='bbox 1333 523 1751 596; x_wconf 64' lang='lat' dir='ltr'><strong>Numen-e</strong></span> <span class='ocrx_word' id='word_1_5' title='bbox 1768 536 2041 604; x_wconf 70' lang='lat' dir='ltr'><strong>sanctae</strong></span> <span class='ocrx_word' id='word_1_6' title='bbox 2065 531 2389 613; x_wconf 85' lang='lat' dir='ltr'><strong>peregrini</strong></span> <span class='ocrx_word' id='word_1_7' title='bbox 2421 531 2634 610; x_wconf 68' lang='lat' dir='ltr'><strong>solent</strong></span> <span class='ocrx_word' id='word_1_8' title='bbox 2664 547 2890 598; x_wconf 83' lang='lat' dir='ltr'><strong>secum</strong></span> 
     </span>
     <span class='ocr_line' id='line_1_3' title="bbox 530 633 2890 723; baseline 0 -23"><span class='ocrx_word' id='word_1_9' title='bbox 530 639 618 706; x_wconf 72' lang='lat' dir='ltr'><strong>ad</strong></span> <span class='ocrx_word' id='word_1_10' title='bbox 658 633 803 706; x_wconf 72' lang='lat' dir='ltr'><strong>loca</strong></span> <span class='ocrx_word' id='word_1_11' title='bbox 844 643 1073 700; x_wconf 82' lang='lat' dir='ltr'><strong>sancta</strong></span> <span class='ocrx_word' id='word_1_12' title='bbox 1111 635 1373 698; x_wconf 57' lang='lat' dir='ltr'><strong>deferre</strong></span> <span class='ocrx_word' id='word_1_13' title='bbox 1415 634 1690 710; x_wconf 58' lang='lat' dir='ltr'><strong>annulos</strong></span> <span class='ocrx_word' id='word_1_14' title='bbox 1732 650 1990 717; x_wconf 88' lang='lat' dir='ltr'><strong>aureos,</strong></span> <span class='ocrx_word' id='word_1_15' title='bbox 2039 633 2148 696; x_wconf 78' lang='lat' dir='ltr'><strong>vel</strong></span> <span class='ocrx_word' id='word_1_16' title='bbox 2195 645 2544 716; x_wconf 83' lang='lat' dir='ltr'><strong>argenteos</strong></span> <span class='ocrx_word' id='word_1_17' title='bbox 2596 637 2890 723; x_wconf 71' lang='lat' dir='ltr'><strong>dilectos,</strong></span> 
     </span>
     <span class='ocr_line' id='line_1_4' title="bbox 487 727 2890 828; baseline -0.001 -19"><span class='ocrx_word' id='word_1_18' title='bbox 487 727 592 809; x_wconf 69' lang='lat' dir='ltr'><strong>“et</strong></span> <span class='ocrx_word' id='word_1_19' title='bbox 632 757 840 828; x_wconf 82' lang='lat' dir='ltr'><strong>grana</strong></span> <span class='ocrx_word' id='word_1_20' title='bbox 872 739 1154 824; x_wconf 90' lang='lat' dir='ltr'><strong>lapidum</strong></span> <span class='ocrx_word' id='word_1_21' title='bbox 1183 740 1610 822; x_wconf 82' lang='lat' dir='ltr'><strong>pretiosorum</strong></span> <span class='ocrx_word' id='word_1_22' title='bbox 1654 735 1771 823; x_wconf 83' lang='lat' dir='ltr'><strong>pr&#39;o</strong></span> <span class='ocrx_word' id='word_1_23' title='bbox 1808 729 2281 822; x_wconf 85' lang='lat' dir='ltr'><strong>&#39;paternostris,</strong></span> <span class='ocrx_word' id='word_1_24' title='bbox 2324 739 2404 823; x_wconf 61' lang='lat'><strong>⁴³)</strong></span> <span class='ocrx_word' id='word_1_25' title='bbox 2463 742 2890 826; x_wconf 87' lang='lat' dir='ltr'><strong>patriloquiis,</strong></span> 
     </span>
     <span class='ocr_line' id='line_1_5' title="bbox 521 842 2892 940; baseline -0 -28"><span class='ocrx_word' id='word_1_26' title='bbox 521 849 632 913; x_wconf 68' lang='lat' dir='ltr'><strong>vel</strong></span> <span class='ocrx_word' id='word_1_27' title='bbox 667 850 1292 940; x_wconf 54' lang='lat' dir='ltr'><strong>ipsaQaternostra,</strong></span> <span class='ocrx_word' id='word_1_28' title='bbox 1335 861 1568 907; x_wconf 87' lang='lat' dir='ltr'><strong>cruces</strong></span> <span class='ocrx_word' id='word_1_29' title='bbox 1623 842 2013 928; x_wconf 67' lang='lat' dir='ltr'><strong>parvasade</strong></span> <span class='ocrx_word' id='word_1_30' title='bbox 2102 855 2372 929; x_wconf 86' lang='lat' dir='ltr'><strong>argento</strong></span> <span class='ocrx_word' id='word_1_31' title='bbox 2427 846 2535 909; x_wconf 84' lang='lat' dir='ltr'><strong>vel</strong></span> <span class='ocrx_word' id='word_1_32' title='bbox 2602 866 2782 929; x_wconf 84' lang='lat' dir='ltr'><strong>auro,</strong></span> <span class='ocrx_word' id='word_1_33' title='bbox 2824 857 2892 911; x_wconf 86' lang='lat' dir='ltr'><strong>et</strong></span> 
     </span>
     <span class='ocr_line' id='line_1_6' title="bbox 483 945 2891 1039; baseline -0 -23"><span class='ocrx_word' id='word_1_34' title='bbox 483 945 826 1039; x_wconf 50' lang='lat' dir='ltr'><strong>quaeque</strong></span> <span class='ocrx_word' id='word_1_35' title='bbox 904 950 1105 1013; x_wconf 83' lang='lat' dir='ltr'><strong>chara</strong></span> <span class='ocrx_word' id='word_1_36' title='bbox 1174 949 1549 1033; x_wconf 74' lang='lat' dir='ltr'><strong>portabilia,</strong></span> <span class='ocrx_word' id='word_1_37' title='bbox 1629 967 1796 1032; x_wconf 86' lang='lat' dir='ltr'><strong>quae</strong></span> <span class='ocrx_word' id='word_1_38' title='bbox 1860 948 2003 1024; x_wconf 70' lang='lat' dir='ltr'><strong>vel,</strong></span> <span class='ocrx_word' id='word_1_39' title='bbox 2042 946 2124 1011; x_wconf 91' lang='lat' dir='ltr'><strong>de</strong></span> <span class='ocrx_word' id='word_1_40' title='bbox 2182 952 2557 1033; x_wconf 82' lang='lat' dir='ltr'><strong>parentibus</strong></span> <span class='ocrx_word' id='word_1_41' title='bbox 2621 952 2803 1015; x_wconf 80' lang='lat' dir='ltr'><strong>suis·</strong></span> <span class='ocrx_word' id='word_1_42' title='bbox 2824 961 2891 1016; x_wconf 88' lang='lat' dir='ltr'><strong>et</strong></span> 
     </span>
     <span class='ocr_line' id='line_1_7' title="bbox 525 1053 2888 1150; baseline 0 -30"><span class='ocrx_word' id='word_1_43' title='bbox 525 1058 760 1121; x_wconf 88' lang='lat' dir='ltr'><strong>amicis</strong></span> <span class='ocrx_word' id='word_1_44' title='bbox 827 1055 1193 1138; x_wconf 78' lang='lat' dir='ltr'><strong>accipiunt,</strong></span> <span class='ocrx_word' id='word_1_45' title='bbox 1247 1053 1358 1118; x_wconf 79' lang='lat' dir='ltr'><strong>vel</strong></span> <span class='ocrx_word' id='word_1_46' title='bbox 1431 1053 1737 1120; x_wconf 69' lang='lat' dir='ltr'><strong>venetii·</strong></span> <span class='ocrx_word' id='word_1_47' title='bbox 1792 1063 1913 1150; x_wconf 37' lang='lat' dir='ltr'><strong>aut·</strong></span> <span class='ocrx_word' id='word_1_48' title='bbox 1963 1054 2032 1118; x_wconf 89' lang='lat' dir='ltr'><strong>iu</strong></span> <span class='ocrx_word' id='word_1_49' title='bbox 2089 1058 2542 1140; x_wconf 76' lang='lat' dir='ltr'><strong>transmarinis</strong></span> <span class='ocrx_word' id='word_1_50' title='bbox 2595 1058 2888 1140; x_wconf 84' lang='lat' dir='ltr'><strong>partibus</strong></span> 
     </span>
     <span class='ocr_line' id='line_1_8' title="bbox 523 1143 2886 1252; baseline 0 -27"><span class='ocrx_word' id='word_1_51' title='bbox 523 1181 640 1247; x_wconf 91' lang='lat' dir='ltr'><strong>pro</strong></span> <span class='ocrx_word' id='word_1_52' title='bbox 682 1162 810 1226; x_wconf 89' lang='lat' dir='ltr'><strong>sibi</strong></span> <span class='ocrx_word' id='word_1_53' title='bbox 851 1160 1070 1224; x_wconf 86' lang='lat' dir='ltr'><strong>charis</strong></span> <span class='ocrx_word' id='word_1_54' title='bbox 1114 1167 1357 1242; x_wconf 86' lang='lat' dir='ltr'><strong>emunt,</strong></span> <span class='ocrx_word' id='word_1_55' title='bbox 1397 1167 1465 1221; x_wconf 90' lang='lat' dir='ltr'><strong>et</strong></span> <span class='ocrx_word' id='word_1_56' title='bbox 1505 1156 1767 1244; x_wconf 88' lang='lat' dir='ltr'><strong>quando</strong></span> <span class='ocrx_word' id='word_1_57' title='bbox 1807 1143 1895 1252; x_wconf 58' lang='lat'><strong>⁸5³</strong></span> <span class='ocrx_word' id='word_1_58' title='bbox 1934 1157 2197 1242; x_wconf 87' lang='lat' dir='ltr'><strong>aliquas</strong></span> <span class='ocrx_word' id='word_1_59' title='bbox 2239 1159 2551 1243; x_wconf 75' lang='lat' dir='ltr'><strong>reliquias</strong></span> <span class='ocrx_word' id='word_1_60' title='bbox 2593 1162 2886 1244; x_wconf 83' lang='lat' dir='ltr'><strong>veniunt,</strong></span> 
     </span>
     <span class='ocr_line' id='line_1_9' title="bbox 522 1263 2885 1352; baseline 0 -21"><span class='ocrx_word' id='word_1_61' title='bbox 522 1267 634 1332; x_wconf 80' lang='lat' dir='ltr'><strong>vel</strong></span> <span class='ocrx_word' id='word_1_62' title='bbox 678 1265 763 1329; x_wconf 84' lang='lat' dir='ltr'><strong>ad</strong></span> <span class='ocrx_word' id='word_1_63' title='bbox 800 1265 1082 1350; x_wconf 75' lang='lat' dir='ltr'><strong>aliquem</strong></span> <span class='ocrx_word' id='word_1_64' title='bbox 1121 1264 1334 1330; x_wconf 88' lang='lat' dir='ltr'><strong>locum</strong></span> <span class='ocrx_word' id='word_1_65' title='bbox 1375 1267 1692 1346; x_wconf 71' lang='lat' dir='ltr'><strong>sanctum,</strong></span> <span class='ocrx_word' id='word_1_66' title='bbox 1738 1273 1894 1326; x_wconf 87' lang='lat' dir='ltr'><strong>tunc</strong></span> <span class='ocrx_word' id='word_1_67' title='bbox 1935 1264 2049 1327; x_wconf 88' lang='lat' dir='ltr'><strong>illa</strong></span> <span class='ocrx_word' id='word_1_68' title='bbox 2091 1263 2389 1329; x_wconf 84' lang='lat' dir='ltr'><strong>clenodia</strong></span> <span class='ocrx_word' id='word_1_69' title='bbox 2440 1267 2523 1331; x_wconf 88' lang='lat' dir='ltr'><strong>ad</strong></span> <span class='ocrx_word' id='word_1_70' title='bbox 2576 1267 2885 1352; x_wconf 77' lang='lat' dir='ltr'><strong>reliquias</strong></span> 
     </span>
     <span class='ocr_line' id='line_1_10' title="bbox 528 1368 2885 1457; baseline 0.001 -21"><span class='ocrx_word' id='word_1_71' title='bbox 528 1372 858 1455; x_wconf 79' lang='lat' dir='ltr'><strong>applicant</strong></span> <span class='ocrx_word' id='word_1_72' title='bbox 897 1372 1008 1434; x_wconf 88' lang='lat' dir='ltr'><strong>vel</strong></span> <span class='ocrx_word' id='word_1_73' title='bbox 1052 1368 1136 1433; x_wconf 88' lang='lat' dir='ltr'><strong>ad</strong></span> <span class='ocrx_word' id='word_1_74' title='bbox 1193 1368 1407 1435; x_wconf 90' lang='lat' dir='ltr'><strong>locum</strong></span> <span class='ocrx_word' id='word_1_75' title='bbox 1447 1377 1747 1432; x_wconf 89' lang='lat' dir='ltr'><strong>sanctum</strong></span> <span class='ocrx_word' id='word_1_76' title='bbox 1776 1379 1844 1432; x_wconf 82' lang='lat' dir='ltr'><strong>et</strong></span> <span class='ocrx_word' id='word_1_77' title='bbox 1886 1388 1970 1432; x_wconf 88' lang='lat' dir='ltr'><strong>ea</strong></span> <span class='ocrx_word' id='word_1_78' title='bbox 1993 1371 2404 1455; x_wconf 73' lang='lat' dir='ltr'><strong>contingunt,</strong></span> <span class='ocrx_word' id='word_1_79' title='bbox 2449 1380 2521 1436; x_wconf 89' lang='lat' dir='ltr'><strong>ut</strong></span> <span class='ocrx_word' id='word_1_80' title='bbox 2561 1372 2885 1457; x_wconf 75' lang='lat' dir='ltr'><strong>quandam</strong></span> 
     </span>
     <span class='ocr_line' id='line_1_11' title="bbox 520 1471 2884 1561; baseline -0 -19"><span class='ocrx_word' id='word_1_81' title='bbox 520 1479 932 1542; x_wconf 72' lang='lat' dir='ltr'><strong>sanctitatem</strong></span> <span class='ocrx_word' id='word_1_82' title='bbox 996 1471 1467 1561; x_wconf 85' lang='lat' dir='ltr'><strong>quodammodo</strong></span> <span class='ocrx_word' id='word_1_83' title='bbox 1526 1493 1615 1538; x_wconf 86' lang='lat' dir='ltr'><strong>ex</strong></span> <span class='ocrx_word' id='word_1_84' title='bbox 1676 1483 1980 1538; x_wconf 86' lang='lat' dir='ltr'><strong>contactu</strong></span> <span class='ocrx_word' id='word_1_85' title='bbox 2048 1477 2416 1561; x_wconf 83' lang='lat' dir='ltr'><strong>accipiant3</strong></span> <span class='ocrx_word' id='word_1_86' title='bbox 2473 1486 2539 1540; x_wconf 86' lang='lat' dir='ltr'><strong>et</strong></span> <span class='ocrx_word' id='word_1_87' title='bbox 2589 1480 2685 1541; x_wconf 86' lang='lat' dir='ltr'><strong>ita</strong></span> <span class='ocrx_word' id='word_1_88' title='bbox 2743 1479 2884 1541; x_wconf 89' lang='lat' dir='ltr'><strong>suis</strong></span> 
     </span>
     <span class='ocr_line' id='line_1_12' title="bbox 527 1577 2884 1667; baseline -0 -19"><span class='ocrx_word' id='word_1_89' title='bbox 527 1584 746 1648; x_wconf 78' lang='lat' dir='ltr'><strong>charis</strong></span> <span class='ocrx_word' id='word_1_90' title='bbox 782 1584 1078 1646; x_wconf 85' lang='lat' dir='ltr'><strong>chariora</strong></span> <span class='ocrx_word' id='word_1_91' title='bbox 1120 1589 1187 1644; x_wconf 89' lang='lat' dir='ltr'><strong>et</strong></span> <span class='ocrx_word' id='word_1_92' title='bbox 1225 1580 1586 1664; x_wconf 79' lang='lat' dir='ltr'><strong>pretiosora</strong></span> <span class='ocrx_word' id='word_1_93' title='bbox 1630 1577 2004 1643; x_wconf 87' lang='lat' dir='ltr'><strong>reddantur.</strong></span> <span class='ocrx_word' id='word_1_94' title='bbox 2044 1580 2197 1664; x_wconf 64' lang='lat' dir='ltr'><strong>Ege</strong></span> <span class='ocrx_word' id='word_1_95' title='bbox 2233 1584 2404 1646; x_wconf 90' lang='lat' dir='ltr'><strong>enim</strong></span> <span class='ocrx_word' id='word_1_96' title='bbox 2447 1582 2541 1645; x_wconf 86' lang='lat' dir='ltr'><strong>fui</strong></span> <span class='ocrx_word' id='word_1_97' title='bbox 2562 1583 2884 1667; x_wconf 88' lang='lat' dir='ltr'><strong>minimus,</strong></span> 
     </span>
     <span class='ocr_line' id='line_1_13' title="bbox 524 1684 2885 1771; baseline 0.001 -21"><span class='ocrx_word' id='word_1_98' title='bbox 524 1696 594 1750; x_wconf 85' lang='lat' dir='ltr'><strong>et</strong></span> <span class='ocrx_word' id='word_1_99' title='bbox 644 1687 988 1771; x_wconf 77' lang='lat' dir='ltr'><strong>pauperidr</strong></span> <span class='ocrx_word' id='word_1_100' title='bbox 1035 1687 1102 1749; x_wconf 89' lang='lat' dir='ltr'><strong>in</strong></span> <span class='ocrx_word' id='word_1_101' title='bbox 1157 1693 1383 1748; x_wconf 86' lang='lat' dir='ltr'><strong>nostra</strong></span> <span class='ocrx_word' id='word_1_102' title='bbox 1446 1684 1800 1766; x_wconf 54' lang='lat' dir='ltr'><strong>sociam,</strong></span> <span class='ocrx_word' id='word_1_103' title='bbox 1859 1692 1925 1746; x_wconf 86' lang='lat' dir='ltr'><strong>et</strong></span> <span class='ocrx_word' id='word_1_104' title='bbox 2006 1693 2223 1749; x_wconf 88' lang='lat' dir='ltr'><strong>tamen</strong></span> <span class='ocrx_word' id='word_1_105' title='bbox 2321 1686 2524 1751; x_wconf 90' lang='lat' dir='ltr'><strong>multa</strong></span> <span class='ocrx_word' id='word_1_106' title='bbox 2587 1688 2885 1770; x_wconf 83' lang='lat' dir='ltr'><strong>preciosa</strong></span> 
     </span>
     <span class='ocr_line' id='line_1_14' title="bbox 523 1786 2883 1876; baseline 0 -21"><span class='ocrx_word' id='word_1_107' title='bbox 523 1791 818 1857; x_wconf 84' lang='lat' dir='ltr'><strong>clenodia</strong></span> <span class='ocrx_word' id='word_1_108' title='bbox 857 1792 1074 1873; x_wconf 87' lang='lat' dir='ltr'><strong>habui,</strong></span> <span class='ocrx_word' id='word_1_109' title='bbox 1115 1808 1284 1876; x_wconf 88' lang='lat' dir='ltr'><strong>quae</strong></span> <span class='ocrx_word' id='word_1_110' title='bbox 1325 1788 1482 1852; x_wconf 88' lang='lat' dir='ltr'><strong>mibi</strong></span> <span class='ocrx_word' id='word_1_111' title='bbox 1530 1786 1770 1850; x_wconf 83' lang='lat' dir='ltr'><strong>collata</strong></span> <span class='ocrx_word' id='word_1_112' title='bbox 1812 1789 2071 1853; x_wconf 79' lang='lat' dir='ltr'><strong>fueram</strong></span> <span class='ocrx_word' id='word_1_113' title='bbox 2107 1791 2188 1853; x_wconf 89' lang='lat' dir='ltr'><strong>ab</strong></span> <span class='ocrx_word' id='word_1_114' title='bbox 2231 1792 2458 1854; x_wconf 89' lang='lat' dir='ltr'><strong>amicis</strong></span> <span class='ocrx_word' id='word_1_115' title='bbox 2501 1801 2566 1854; x_wconf 88' lang='lat' dir='ltr'><strong>et</strong></span> <span class='ocrx_word' id='word_1_116' title='bbox 2607 1791 2883 1856; x_wconf 85' lang='lat' dir='ltr'><strong>fautori-</strong></span> 
     </span>
     <span class='ocr_line' id='line_1_15' title="bbox 521 1883 2883 1979; baseline 0.001 -20"><span class='ocrx_word' id='word_1_117' title='bbox 521 1896 646 1959; x_wconf 87' lang='lat' dir='ltr'><strong>bus</strong></span> <span class='ocrx_word' id='word_1_118' title='bbox 693 1905 758 1962; x_wconf 85' lang='lat' dir='ltr'><strong>et</strong></span> <span class='ocrx_word' id='word_1_119' title='bbox 799 1897 1182 1960; x_wconf 84' lang='lat' dir='ltr'><strong>fautricibus</strong></span> <span class='ocrx_word' id='word_1_120' title='bbox 1220 1894 1404 1970; x_wconf 86' lang='lat' dir='ltr'><strong>meis,</strong></span> <span class='ocrx_word' id='word_1_121' title='bbox 1440 1901 1514 1955; x_wconf 82' lang='lat' dir='ltr'><strong>ut</strong></span> <span class='ocrx_word' id='word_1_122' title='bbox 1563 1893 1890 1979; x_wconf 83' lang='lat' dir='ltr'><strong>reliquias,</strong></span> <span class='ocrx_word' id='word_1_123' title='bbox 1930 1893 2016 1957; x_wconf 86' lang='lat' dir='ltr'><strong>ad</strong></span> <span class='ocrx_word' id='word_1_124' title='bbox 2082 1883 2275 1978; x_wconf 78' lang='lat' dir='ltr'><strong>quas·</strong></span> <span class='ocrx_word' id='word_1_125' title='bbox 2296 1898 2587 1961; x_wconf 86' lang='lat' dir='ltr'><strong>venirem</strong></span> <span class='ocrx_word' id='word_1_126' title='bbox 2629 1906 2694 1960; x_wconf 89' lang='lat' dir='ltr'><strong>et</strong></span> <span class='ocrx_word' id='word_1_127' title='bbox 2737 1897 2883 1961; x_wconf 87' lang='lat' dir='ltr'><strong>loca</strong></span> 
     </span>
     <span class='ocr_line' id='line_1_16' title="bbox 519 1979 2881 2085; baseline 0.001 -20"><span class='ocrx_word' id='word_1_128' title='bbox 519 2009 753 2065; x_wconf 85' lang='lat' dir='ltr'><strong>sancta</strong></span> <span class='ocrx_word' id='word_1_129' title='bbox 794 2019 942 2064; x_wconf 91' lang='lat' dir='ltr'><strong>cum</strong></span> <span class='ocrx_word' id='word_1_130' title='bbox 984 2002 1080 2062; x_wconf 90' lang='lat' dir='ltr'><strong>eis</strong></span> <span class='ocrx_word' id='word_1_131' title='bbox 1145 1979 1621 2081; x_wconf 64' lang='lat' dir='ltr'><strong>colitingerem,</strong></span> <span class='ocrx_word' id='word_1_132' title='bbox 1689 2008 1755 2062; x_wconf 88' lang='lat' dir='ltr'><strong>et</strong></span> <span class='ocrx_word' id='word_1_133' title='bbox 1823 2001 1924 2062; x_wconf 87' lang='lat' dir='ltr'><strong>eis</strong></span> <span class='ocrx_word' id='word_1_134' title='bbox 1968 2011 2090 2081; x_wconf 78' lang='lat' dir='ltr'><strong>pro</strong></span> <span class='ocrx_word' id='word_1_135' title='bbox 2152 2019 2419 2064; x_wconf 88' lang='lat' dir='ltr'><strong>munere</strong></span> <span class='ocrx_word' id='word_1_136' title='bbox 2469 2012 2881 2085; x_wconf 84' lang='lat' dir='ltr'><strong>reportarem.</strong></span> 
     </span>
     <span class='ocr_line' id='line_1_17' title="bbox 522 2102 2885 2202; baseline 0.001 -34"><span class='ocrx_word' id='word_1_137' title='bbox 522 2106 697 2168; x_wconf 84' lang='lat' dir='ltr'><strong>Inter</strong></span> <span class='ocrx_word' id='word_1_138' title='bbox 727 2105 856 2169; x_wconf 85' lang='lat' dir='ltr'><strong>alia</strong></span> <span class='ocrx_word' id='word_1_139' title='bbox 893 2102 1277 2187; x_wconf 83' lang='lat' dir='ltr'><strong>magnificus</strong></span> <span class='ocrx_word' id='word_1_140' title='bbox 1296 2104 1420 2186; x_wconf 82' lang='lat' dir='ltr'><strong>vir,</strong></span> <span class='ocrx_word' id='word_1_141' title='bbox 1463 2102 1782 2167; x_wconf 86' lang='lat' dir='ltr'><strong>Dominus</strong></span> <span class='ocrx_word' id='word_1_142' title='bbox 1826 2102 2166 2202; x_wconf 72' lang='lat' dir='ltr'><strong>Jphannes</strong></span> <span class='ocrx_word' id='word_1_143' title='bbox 2188 2105 2537 2190; x_wconf 84' lang='lat' dir='ltr'><strong>Echinger,</strong></span> <span class='ocrx_word' id='word_1_144' title='bbox 2575 2126 2691 2190; x_wconf 95' lang='lat' dir='ltr'><strong>pro</strong></span> <span class='ocrx_word' id='word_1_145' title='bbox 2727 2115 2885 2170; x_wconf 93' lang='lat' dir='ltr'><strong>tunc</strong></span> 
     </span>
     <span class='ocr_line' id='line_1_18' title="bbox 525 2207 2881 2302; baseline 0 -29"><span class='ocrx_word' id='word_1_146' title='bbox 525 2207 1126 2292; x_wconf 48' lang='lat' dir='ltr'><strong>Magistcsscivium</strong></span> <span class='ocrx_word' id='word_1_147' title='bbox 1150 2207 1499 2291; x_wconf 70' lang='lat' dir='ltr'><strong>Ulmeusis,</strong></span> <span class='ocrx_word' id='word_1_148' title='bbox 1545 2208 1813 2272; x_wconf 86' lang='lat' dir='ltr'><strong>contulit</strong></span> <span class='ocrx_word' id='word_1_149' title='bbox 1864 2210 2019 2302; x_wconf 65' lang='lat' dir='ltr'><strong>mihi</strong></span> <span class='ocrx_word' id='word_1_150' title='bbox 2050 2210 2372 2274; x_wconf 86' lang='lat' dir='ltr'><strong>-annulum</strong></span> <span class='ocrx_word' id='word_1_151' title='bbox 2412 2223 2601 2278; x_wconf 81' lang='lat' dir='ltr'><strong>suum</strong></span> <span class='ocrx_word' id='word_1_152' title='bbox 2624 2209 2881 2274; x_wconf 85' lang='lat' dir='ltr'><strong>charis-</strong></span> 
     </span>
     <span class='ocr_line' id='line_1_19' title="bbox 522 2311 2878 2399; baseline -0.002 -17"><span class='ocrx_word' id='word_1_153' title='bbox 522 2315 778 2399; x_wconf 72' lang='lat' dir='ltr'><strong>simum,</strong></span> <span class='ocrx_word' id='word_1_154' title='bbox 817 2334 1014 2399; x_wconf 89' lang='lat' dir='ltr'><strong>quem</strong></span> <span class='ocrx_word' id='word_1_155' title='bbox 1054 2314 1253 2378; x_wconf 87' lang='lat' dir='ltr'><strong>Pater</strong></span> <span class='ocrx_word' id='word_1_156' title='bbox 1295 2331 1472 2376; x_wconf 41' lang='lat' dir='ltr'><strong>*suus</strong></span> <span class='ocrx_word' id='word_1_157' title='bbox 1513 2314 1804 2377; x_wconf 83' lang='lat' dir='ltr'><strong>Jacobus</strong></span> <span class='ocrx_word' id='word_1_158' title='bbox 1843 2311 2174 2398; x_wconf 79' lang='lat' dir='ltr'><strong>Eching&#39;er</strong></span> <span class='ocrx_word' id='word_1_159' title='bbox 2211 2317 2278 2379; x_wconf 90' lang='lat' dir='ltr'><strong>iu</strong></span> <span class='ocrx_word' id='word_1_160' title='bbox 2319 2315 2628 2384; x_wconf 72' lang='lat' dir='ltr'><strong>extremis</strong></span> <span class='ocrx_word' id='word_1_161' title='bbox 2671 2332 2878 2397; x_wconf 80' lang='lat' dir='ltr'><strong>agens</strong></span> 
     </span>
     <span class='ocr_line' id='line_1_20' title="bbox 522 2418 2878 2504; baseline 0 -22"><span class='ocrx_word' id='word_1_162' title='bbox 522 2418 605 2482; x_wconf 87' lang='lat' dir='ltr'><strong>de</strong></span> <span class='ocrx_word' id='word_1_163' title='bbox 646 2419 882 2504; x_wconf 85' lang='lat' dir='ltr'><strong>pollice</strong></span> <span class='ocrx_word' id='word_1_164' title='bbox 924 2420 1159 2503; x_wconf 82' lang='lat' dir='ltr'><strong>traxit,</strong></span> <span class='ocrx_word' id='word_1_165' title='bbox 1219 2427 1286 2482; x_wconf 87' lang='lat' dir='ltr'><strong>et</strong></span> <span class='ocrx_word' id='word_1_166' title='bbox 1342 2418 1476 2482; x_wconf 87' lang='lat' dir='ltr'><strong>filio</strong></span> <span class='ocrx_word' id='word_1_167' title='bbox 1534 2418 1817 2503; x_wconf 86' lang='lat' dir='ltr'><strong>tradidit,</strong></span> <span class='ocrx_word' id='word_1_168' title='bbox 1878 2422 2051 2483; x_wconf 90' lang='lat' dir='ltr'><strong>sicut</strong></span> <span class='ocrx_word' id='word_1_169' title='bbox 2123 2428 2190 2483; x_wconf 90' lang='lat' dir='ltr'><strong>et</strong></span> <span class='ocrx_word' id='word_1_170' title='bbox 2247 2420 2392 2504; x_wconf 91' lang='lat' dir='ltr'><strong>ipse</strong></span> <span class='ocrx_word' id='word_1_171' title='bbox 2447 2438 2489 2483; x_wconf 87' lang='lat' dir='ltr'><strong>a</strong></span> <span class='ocrx_word' id='word_1_172' title='bbox 2530 2438 2651 2485; x_wconf 93' lang='lat' dir='ltr'><strong>suo</strong></span> <span class='ocrx_word' id='word_1_173' title='bbox 2693 2428 2878 2503; x_wconf 85' lang='lat' dir='ltr'><strong>patre</strong></span> 
     </span>
     <span class='ocr_line' id='line_1_21' title="bbox 520 2507 2879 2613; baseline -0 -24"><span class='ocrx_word' id='word_1_174' title='bbox 520 2534 901 2607; x_wconf 68' lang='lat' dir='ltr'><strong>acceperat:</strong></span> <span class='ocrx_word' id='word_1_175' title='bbox 947 2522 1142 2588; x_wconf 88' lang='lat' dir='ltr'><strong>credo</strong></span> <span class='ocrx_word' id='word_1_176' title='bbox 1176 2522 1349 2612; x_wconf 73' lang='lat' dir='ltr'><strong>quod</strong></span> <span class='ocrx_word' id='word_1_177' title='bbox 1394 2507 1654 2589; x_wconf 67' lang='lat' dir='ltr'><strong>ch‘arior</strong></span> <span class='ocrx_word' id='word_1_178' title='bbox 1702 2526 1828 2589; x_wconf 89' lang='lat' dir='ltr'><strong>sibi</strong></span> <span class='ocrx_word' id='word_1_179' title='bbox 1872 2511 2091 2609; x_wconf 64' lang='lat' dir='ltr'><strong>fuerit,</strong></span> <span class='ocrx_word' id='word_1_180' title='bbox 2142 2546 2335 2613; x_wconf 88' lang='lat' dir='ltr'><strong>quam</strong></span> <span class='ocrx_word' id='word_1_181' title='bbox 2377 2524 2454 2589; x_wconf 84' lang='lat' dir='ltr'><strong>C.</strong></span> <span class='ocrx_word' id='word_1_182' title='bbox 2514 2524 2750 2609; x_wconf 88' lang='lat' dir='ltr'><strong>ducati,</strong></span> <span class='ocrx_word' id='word_1_183' title='bbox 2810 2533 2879 2588; x_wconf 84' lang='lat' dir='ltr'><strong>et</strong></span> 
     </span>
     <span class='ocr_line' id='line_1_22' title="bbox 519 2627 2878 2715; baseline 0 -23"><span class='ocrx_word' id='word_1_184' title='bbox 519 2647 696 2692; x_wconf 86' lang='lat' dir='ltr'><strong>nnnc</strong></span> <span class='ocrx_word' id='word_1_185' title='bbox 734 2630 987 2694; x_wconf 91' lang='lat' dir='ltr'><strong>charior</strong></span> <span class='ocrx_word' id='word_1_186' title='bbox 1028 2648 1223 2714; x_wconf 90' lang='lat' dir='ltr'><strong>quam</strong></span> <span class='ocrx_word' id='word_1_187' title='bbox 1256 2627 1374 2693; x_wconf 83' lang='lat' dir='ltr'><strong>CC</strong></span> <span class='ocrx_word' id='word_1_188' title='bbox 1392 2673 1414 2697; x_wconf 89' lang='lat'><strong>.</strong></span> <span class='ocrx_word' id='word_1_189' title='bbox 1481 2630 1597 2693; x_wconf 85' lang='lat' dir='ltr'><strong>Sic</strong></span> <span class='ocrx_word' id='word_1_190' title='bbox 1641 2649 1798 2715; x_wconf 86' lang='lat' dir='ltr'><strong>ergo</strong></span> <span class='ocrx_word' id='word_1_191' title='bbox 1841 2639 1995 2714; x_wconf 85' lang='lat' dir='ltr'><strong>post</strong></span> <span class='ocrx_word' id='word_1_192' title='bbox 2034 2632 2255 2715; x_wconf 90' lang='lat' dir='ltr'><strong>populi</strong></span> <span class='ocrx_word' id='word_1_193' title='bbox 2278 2648 2612 2696; x_wconf 84' lang='lat' dir='ltr'><strong>recessum</strong></span> <span class='ocrx_word' id='word_1_194' title='bbox 2644 2647 2878 2693; x_wconf 85' lang='lat' dir='ltr'><strong>acces-</strong></span> 
     </span>
     <span class='ocr_line' id='line_1_23' title="bbox 520 2734 2877 2821; baseline 0 -23"><span class='ocrx_word' id='word_1_195' title='bbox 520 2736 747 2820; x_wconf 83' lang='lat' dir='ltr'><strong>simus,</strong></span> <span class='ocrx_word' id='word_1_196' title='bbox 790 2746 857 2799; x_wconf 90' lang='lat' dir='ltr'><strong>et</strong></span> <span class='ocrx_word' id='word_1_197' title='bbox 898 2734 1087 2799; x_wconf 89' lang='lat' dir='ltr'><strong>modo</strong></span> <span class='ocrx_word' id='word_1_198' title='bbox 1134 2734 1308 2799; x_wconf 89' lang='lat' dir='ltr'><strong>dicto</strong></span> <span class='ocrx_word' id='word_1_199' title='bbox 1353 2736 1660 2820; x_wconf 82' lang='lat' dir='ltr'><strong>reliquias</strong></span> <span class='ocrx_word' id='word_1_200' title='bbox 1703 2746 2079 2801; x_wconf 86' lang='lat' dir='ltr'><strong>sanctorum</strong></span> <span class='ocrx_word' id='word_1_201' title='bbox 2119 2736 2584 2821; x_wconf 85' lang='lat' dir='ltr'><strong>Apostolorum</strong></span> <span class='ocrx_word' id='word_1_202' title='bbox 2617 2736 2877 2798; x_wconf 85' lang='lat' dir='ltr'><strong>contin-</strong></span> 
     </span>
     <span class='ocr_line' id='line_1_24' title="bbox 518 2819 2877 2924; baseline 0 -20"><span class='ocrx_word' id='word_1_203' title='bbox 518 2841 753 2924; x_wconf 80' lang='lat' dir='ltr'><strong>gimus.</strong></span> <span class='ocrx_word' id='word_1_204' title='bbox 799 2841 946 2908; x_wconf 86' lang='lat' dir='ltr'><strong>Hoc</strong></span> <span class='ocrx_word' id='word_1_205' title='bbox 988 2819 1202 2908; x_wconf 70' lang='lat' dir='ltr'><strong>afilem</strong></span> <span class='ocrx_word' id='word_1_206' title='bbox 1246 2840 1368 2904; x_wconf 90' lang='lat' dir='ltr'><strong>fuit</strong></span> <span class='ocrx_word' id='word_1_207' title='bbox 1388 2839 1693 2906; x_wconf 83' lang='lat' dir='ltr'><strong>Officium</strong></span> <span class='ocrx_word' id='word_1_208' title='bbox 1715 2849 1929 2906; x_wconf 63' lang='lat' dir='ltr'><strong>mffln</strong></span> <span class='ocrx_word' id='word_1_209' title='bbox 1952 2840 2121 2924; x_wconf 79' lang='lat' dir='ltr'><strong>(B),</strong></span> <span class='ocrx_word' id='word_1_210' title='bbox 2164 2840 2335 2924; x_wconf 88' lang='lat' dir='ltr'><strong>quod</strong></span> <span class='ocrx_word' id='word_1_211' title='bbox 2372 2842 2548 2903; x_wconf 87' lang='lat' dir='ltr'><strong>circa</strong></span> <span class='ocrx_word' id='word_1_212' title='bbox 2570 2839 2877 2923; x_wconf 84' lang='lat' dir='ltr'><strong>reliquias</strong></span> 
     </span>
     <span class='ocr_line' id='line_1_25' title="bbox 518 2944 2874 3038; baseline 0.002 -30"><span class='ocrx_word' id='word_1_213' title='bbox 518 2945 630 3008; x_wconf 82' lang='lat' dir='ltr'><strong>vel</strong></span> <span class='ocrx_word' id='word_1_214' title='bbox 654 2946 798 3009; x_wconf 86' lang='lat' dir='ltr'><strong>loca</strong></span> <span class='ocrx_word' id='word_1_215' title='bbox 817 2954 1046 3009; x_wconf 90' lang='lat' dir='ltr'><strong>sancta</strong></span> <span class='ocrx_word' id='word_1_216' title='bbox 1058 2945 1284 3038; x_wconf 44' lang='lat' dir='ltr'><strong>accepi</strong></span> <span class='ocrx_word' id='word_1_217' title='bbox 1306 2948 1588 3011; x_wconf 86' lang='lat' dir='ltr'><strong>omnium</strong></span> <span class='ocrx_word' id='word_1_218' title='bbox 1608 2948 2092 3030; x_wconf 66' lang='lat' dir='ltr'><strong>peregrinorum</strong></span> <span class='ocrx_word' id='word_1_219' title='bbox 2117 2945 2546 3009; x_wconf 86' lang='lat' dir='ltr'><strong>saecularium</strong></span> <span class='ocrx_word' id='word_1_220' title='bbox 2559 2944 2874 3023; x_wconf 72' lang='lat' dir='ltr'><strong>clenodia,</strong></span> 
     </span>
     <span class='ocr_line' id='line_1_26' title="bbox 524 3043 2875 3133; baseline 0.002 -21"><span class='ocrx_word' id='word_1_221' title='bbox 524 3056 594 3112; x_wconf 85' lang='lat' dir='ltr'><strong>et</strong></span> <span class='ocrx_word' id='word_1_222' title='bbox 632 3068 829 3113; x_wconf 87' lang='lat' dir='ltr'><strong>manu</strong></span> <span class='ocrx_word' id='word_1_223' title='bbox 887 3067 1038 3113; x_wconf 85' lang='lat' dir='ltr'><strong>mea</strong></span> <span class='ocrx_word' id='word_1_224' title='bbox 1099 3043 1362 3113; x_wconf 86' lang='lat' dir='ltr'><strong>adhibui</strong></span> <span class='ocrx_word' id='word_1_225' title='bbox 1422 3051 1505 3114; x_wconf 86' lang='lat' dir='ltr'><strong>ad</strong></span> <span class='ocrx_word' id='word_1_226' title='bbox 1571 3058 1945 3114; x_wconf 77' lang='lat' dir='ltr'><strong>contactum</strong></span> <span class='ocrx_word' id='word_1_227' title='bbox 1999 3059 2068 3113; x_wconf 85' lang='lat' dir='ltr'><strong>et</strong></span> <span class='ocrx_word' id='word_1_228' title='bbox 2134 3052 2228 3111; x_wconf 85' lang='lat' dir='ltr'><strong>ita</strong></span> <span class='ocrx_word' id='word_1_229' title='bbox 2289 3049 2554 3132; x_wconf 80' lang='lat' dir='ltr'><strong>sing-ula</strong></span> <span class='ocrx_word' id='word_1_230' title='bbox 2594 3050 2875 3133; x_wconf 59' lang='lat' dir='ltr'><strong>singnis</strong></span> 
     </span>
     <span class='ocr_line' id='line_1_27' title="bbox 523 3151 2871 3250; baseline 0.002 -34"><span class='ocrx_word' id='word_1_231' title='bbox 523 3151 794 3220; x_wconf 77' lang='lat' dir='ltr'><strong>reddidi.</strong></span> <span class='ocrx_word' id='word_1_232' title='bbox 863 3152 1112 3228; x_wconf 60' lang='lat' dir='ltr'><strong>Plures</strong></span> <span class='ocrx_word' id='word_1_233' title='bbox 1152 3161 1368 3250; x_wconf 59' lang='lat' dir='ltr'><strong>aufem</strong></span> <span class='ocrx_word' id='word_1_234' title='bbox 1412 3155 1665 3218; x_wconf 88' lang='lat' dir='ltr'><strong>nobiles</strong></span> <span class='ocrx_word' id='word_1_235' title='bbox 1707 3171 1968 3239; x_wconf 90' lang='lat' dir='ltr'><strong>semper</strong></span> <span class='ocrx_word' id='word_1_236' title='bbox 2005 3172 2211 3239; x_wconf 85' lang='lat' dir='ltr'><strong>penes</strong></span> <span class='ocrx_word' id='word_1_237' title='bbox 2251 3172 2357 3216; x_wconf 92' lang='lat' dir='ltr'><strong>me</strong></span> <span class='ocrx_word' id='word_1_238' title='bbox 2380 3153 2871 3238; x_wconf 74' lang='lat' dir='ltr'><strong>dereliquerant.</strong></span> 
     </span>
     <span class='ocr_line' id='line_1_28' title="bbox 520 3255 2873 3345; baseline 0.001 -19"><span class='ocrx_word' id='word_1_239' title='bbox 520 3255 609 3326; x_wconf 73' lang='lat' dir='ltr'><strong>Et</strong></span> <span class='ocrx_word' id='word_1_240' title='bbox 646 3257 740 3322; x_wconf 83' lang='lat' dir='ltr'><strong>ita</strong></span> <span class='ocrx_word' id='word_1_241' title='bbox 781 3256 1052 3322; x_wconf 80' lang='lat' dir='ltr'><strong>fecimus</strong></span> <span class='ocrx_word' id='word_1_242' title='bbox 1084 3278 1203 3342; x_wconf 91' lang='lat' dir='ltr'><strong>per</strong></span> <span class='ocrx_word' id='word_1_243' title='bbox 1245 3259 1459 3323; x_wconf 87' lang='lat' dir='ltr'><strong>omnia</strong></span> <span class='ocrx_word' id='word_1_244' title='bbox 1499 3260 1647 3324; x_wconf 86' lang='lat' dir='ltr'><strong>loca</strong></span> <span class='ocrx_word' id='word_1_245' title='bbox 1686 3255 1918 3323; x_wconf 82' lang='lat' dir='ltr'><strong>sanct&#39;a</strong></span> <span class='ocrx_word' id='word_1_246' title='bbox 1963 3269 2030 3323; x_wconf 85' lang='lat' dir='ltr'><strong>et</strong></span> <span class='ocrx_word' id='word_1_247' title='bbox 2076 3258 2385 3345; x_wconf 87' lang='lat' dir='ltr'><strong>reliquias</strong></span> <span class='ocrx_word' id='word_1_248' title='bbox 2434 3262 2638 3324; x_wconf 79' lang='lat' dir='ltr'><strong>totius</strong></span> <span class='ocrx_word' id='word_1_249' title='bbox 2676 3263 2873 3345; x_wconf 75' lang='lat' dir='ltr'><strong>pere-</strong></span> 
     </span>
     <span class='ocr_line' id='line_1_29' title="bbox 519 3329 2873 3451; baseline 0 -23"><span class='ocrx_word' id='word_1_250' title='bbox 519 3361 922 3445; x_wconf 72' lang='lat' dir='ltr'><strong>grhxationis,</strong></span> <span class='ocrx_word' id='word_1_251' title='bbox 959 3362 1345 3445; x_wconf 83' lang='lat' dir='ltr'><strong>incipientes</strong></span> <span class='ocrx_word' id='word_1_252' title='bbox 1384 3364 1452 3426; x_wconf 90' lang='lat' dir='ltr'><strong>in</strong></span> <span class='ocrx_word' id='word_1_253' title='bbox 1493 3329 1868 3427; x_wconf 71' lang='lat' dir='ltr'><strong>Tr1²dentino</strong></span> <span class='ocrx_word' id='word_1_254' title='bbox 1910 3384 1951 3429; x_wconf 87' lang='lat' dir='ltr'><strong>a</strong></span> <span class='ocrx_word' id='word_1_255' title='bbox 1998 3384 2198 3449; x_wconf 88' lang='lat' dir='ltr'><strong>puero</strong></span> <span class='ocrx_word' id='word_1_256' title='bbox 2252 3364 2562 3449; x_wconf 86' lang='lat' dir='ltr'><strong>Symone.</strong></span> <span class='ocrx_word' id='word_1_257' title='bbox 2646 3367 2873 3451; x_wconf 76' lang='lat' dir='ltr'><strong>ltaque</strong></span> 
     </span>
     <span class='ocr_line' id='line_1_30' title="bbox 521 3466 2511 3554; baseline 0.001 -23"><span class='ocrx_word' id='word_1_258' title='bbox 521 3466 668 3531; x_wconf 85' lang='lat' dir='ltr'><strong>istis</strong></span> <span class='ocrx_word' id='word_1_259' title='bbox 707 3467 992 3550; x_wconf 78' lang='lat' dir='ltr'><strong>peractis</strong></span> <span class='ocrx_word' id='word_1_260' title='bbox 1030 3467 1097 3529; x_wconf 90' lang='lat' dir='ltr'><strong>iu</strong></span> <span class='ocrx_word' id='word_1_261' title='bbox 1139 3467 1485 3550; x_wconf 87' lang='lat' dir='ltr'><strong>hospitium</strong></span> <span class='ocrx_word' id='word_1_262' title='bbox 1527 3469 1988 3553; x_wconf 83' lang='lat' dir='ltr'><strong>navigavimus</strong></span> <span class='ocrx_word' id='word_1_263' title='bbox 2030 3470 2113 3533; x_wconf 87' lang='lat' dir='ltr'><strong>ad</strong></span> <span class='ocrx_word' id='word_1_264' title='bbox 2154 3470 2511 3554; x_wconf 88' lang='lat' dir='ltr'><strong>prandium.</strong></span> 
     </span>
     <span class='ocr_line' id='line_1_31' title="bbox 685 3555 2870 3660; baseline 0.003 -27"><span class='ocrx_word' id='word_1_265' title='bbox 685 3570 991 3635; x_wconf 86' lang='lat' dir='ltr'><strong>Secunda</strong></span> <span class='ocrx_word' id='word_1_266' title='bbox 1049 3572 1156 3636; x_wconf 91' lang='lat' dir='ltr'><strong>die</strong></span> <span class='ocrx_word' id='word_1_267' title='bbox 1203 3572 1376 3637; x_wconf 65' lang='lat' dir='ltr'><strong>flaii</strong></span> <span class='ocrx_word' id='word_1_268' title='bbox 1395 3574 1857 3640; x_wconf 60' lang='lat' dir='ltr'><strong>mansivimus</strong></span> <span class='ocrx_word' id='word_1_269' title='bbox 1925 3593 2117 3638; x_wconf 88' lang='lat' dir='ltr'><strong>mane</strong></span> <span class='ocrx_word' id='word_1_270' title='bbox 2175 3555 2260 3638; x_wconf 78' lang='lat' dir='ltr'><strong>ad</strong></span> <span class='ocrx_word' id='word_1_271' title='bbox 2303 3574 2374 3638; x_wconf 89' lang='lat' dir='ltr'><strong>S.</strong></span> <span class='ocrx_word' id='word_1_272' title='bbox 2430 3576 2760 3660; x_wconf 76' lang='lat' dir='ltr'><strong>Marcum,</strong></span> <span class='ocrx_word' id='word_1_273' title='bbox 2804 3585 2870 3640; x_wconf 90' lang='lat' dir='ltr'><strong>et</strong></span> 
     </span>
     <span class='ocr_line' id='line_1_32' title="bbox 522 3675 2868 3763; baseline 0.002 -24"><span class='ocrx_word' id='word_1_274' title='bbox 522 3675 611 3742; x_wconf 87' lang='lat' dir='ltr'><strong>ibi</strong></span> <span class='ocrx_word' id='word_1_275' title='bbox 633 3677 860 3740; x_wconf 78' lang='lat' dir='ltr'><strong>Missis</strong></span> <span class='ocrx_word' id='word_1_276' title='bbox 901 3678 1310 3743; x_wconf 82' lang='lat' dir='ltr'><strong>interfuimus</strong></span> <span class='ocrx_word' id='word_1_277' title='bbox 1358 3680 1427 3742; x_wconf 88' lang='lat' dir='ltr'><strong>iu</strong></span> <span class='ocrx_word' id='word_1_278' title='bbox 1473 3679 1758 3762; x_wconf 47' lang='lat' dir='ltr'><strong>edesia</strong></span> <span class='ocrx_word' id='word_1_279' title='bbox 1795 3698 2031 3763; x_wconf 77' lang='lat' dir='ltr'><strong>magna</strong></span> <span class='ocrx_word' id='word_1_280' title='bbox 2073 3679 2145 3744; x_wconf 89' lang='lat' dir='ltr'><strong>S.</strong></span> <span class='ocrx_word' id='word_1_281' title='bbox 2168 3680 2399 3745; x_wconf 81' lang='lat' dir='ltr'><strong>Marci.</strong></span> <span class='ocrx_word' id='word_1_282' title='bbox 2438 3681 2542 3743; x_wconf 87' lang='lat' dir='ltr'><strong>De</strong></span> <span class='ocrx_word' id='word_1_283' title='bbox 2585 3682 2868 3746; x_wconf 83' lang='lat' dir='ltr'><strong>ecclesia</strong></span> 
     </span>
     <span class='ocr_line' id='line_1_33' title="bbox 522 3783 2868 3896; baseline 0.002 -51"><span class='ocrx_word' id='word_1_284' title='bbox 522 3790 740 3850; x_wconf 72' lang='lat' dir='ltr'><strong>autem</strong></span> <span class='ocrx_word' id='word_1_285' title='bbox 788 3783 1017 3848; x_wconf 81' lang='lat' dir='ltr'><strong>Missis</strong></span> <span class='ocrx_word' id='word_1_286' title='bbox 1059 3783 1260 3858; x_wconf 80' lang='lat' dir='ltr'><strong>finitis</strong></span> <span class='ocrx_word' id='word_1_287' title='bbox 1303 3784 1610 3868; x_wconf 89' lang='lat' dir='ltr'><strong>palatium</strong></span> <span class='ocrx_word' id='word_1_288' title='bbox 1635 3784 1840 3896; x_wconf 58' lang='lat' dir='ltr'><strong>Duqis</strong></span> <span class='ocrx_word' id='word_1_289' title='bbox 1860 3786 2262 3850; x_wconf 88' lang='lat' dir='ltr'><strong>Venetorum</strong></span> <span class='ocrx_word' id='word_1_290' title='bbox 2298 3787 2583 3871; x_wconf 83' lang='lat' dir='ltr'><strong>ingrcssi</strong></span> <span class='ocrx_word' id='word_1_291' title='bbox 2619 3805 2868 3870; x_wconf 81' lang='lat' dir='ltr'><strong>sumus,</strong></span> 
     </span>
    </p>
   </div>
   <div class='ocr_carea' id='block_1_3' title="bbox 524 3909 992 3928">
    <p class='ocr_par' dir='ltr' id='par_1_3' title="bbox 524 3909 992 3928">
     <span class='ocr_line' id='line_1_34' title="bbox 524 3909 992 3928; baseline 0 1331"><span class='ocrx_word' id='word_1_292' title='bbox 524 3909 992 3928; x_wconf 95' lang='lat' dir='ltr'><strong> </strong></span> 
     </span>
    </p>
   </div>
   <div class='ocr_carea' id='block_1_4' title="bbox 555 3999 2867 4511">
    <p class='ocr_par' dir='ltr' id='par_1_4' title="bbox 555 3999 2865 4079">
     <span class='ocr_line' id='line_1_35' title="bbox 555 3999 2865 4079; baseline 0 -18"><span class='ocrx_word' id='word_1_293' title='bbox 555 4001 832 4077; x_wconf 63' lang='lat' dir='ltr'><strong>*YSissna</strong></span> <span class='ocrx_word' id='word_1_294' title='bbox 851 3999 1203 4078; x_wconf 76' lang='lat' dir='ltr'><strong>&#39;gt-anorum,</strong></span> <span class='ocrx_word' id='word_1_295' title='bbox 1242 4005 1457 4079; x_wconf 82' lang='lat' dir='ltr'><strong>quibus</strong></span> <span class='ocrx_word' id='word_1_296' title='bbox 1491 4003 1693 4062; x_wconf 76' lang='lat' dir='ltr'><strong>fideles</strong></span> <span class='ocrx_word' id='word_1_297' title='bbox 1742 4015 2054 4064; x_wconf 65' lang='lat' dir='ltr'><strong>numu-um</strong></span> <span class='ocrx_word' id='word_1_298' title='bbox 2088 4003 2427 4062; x_wconf 81' lang='lat' dir='ltr'><strong>orationum</strong></span> <span class='ocrx_word' id='word_1_299' title='bbox 2472 4023 2712 4072; x_wconf 70' lang='lat' dir='ltr'><strong>mrum</strong></span> <span class='ocrx_word' id='word_1_300' title='bbox 2760 4024 2865 4061; x_wconf 89' lang='lat' dir='ltr'><strong>nu·</strong></span> 
     </span>
    </p>

    <p class='ocr_par' dir='ltr' id='par_1_5' title="bbox 589 4090 2867 4511">
     <span class='ocr_line' id='line_1_36' title="bbox 589 4090 2866 4170; baseline 0.001 -24"><span class='ocrx_word' id='word_1_301' title='bbox 589 4101 602 4114; x_wconf 85' lang='grc'><em>“</em></span> <span class='ocrx_word' id='word_1_302' title='bbox 658 4100 884 4146; x_wconf 74' lang='lat' dir='ltr'><strong>merant</strong></span> <span class='ocrx_word' id='word_1_303' title='bbox 903 4128 921 4157; x_wconf 90' lang='lat'><strong>‚</strong></span> <span class='ocrx_word' id='word_1_304' title='bbox 990 4108 1141 4165; x_wconf 83' lang='lat' dir='ltr'><strong>quae</strong></span> <span class='ocrx_word' id='word_1_305' title='bbox 1190 4090 1471 4170; x_wconf 66' lang='lat' dir='ltr'><strong>dicuntur⁴</strong></span> <span class='ocrx_word' id='word_1_306' title='bbox 1538 4090 1871 4163; x_wconf 78' lang='lat' dir='ltr'><strong>vulgariter</strong></span> <span class='ocrx_word' id='word_1_307' title='bbox 1927 4100 2300 4164; x_wconf 74' lang='lat' dir='ltr'><strong>paternoster</strong></span> <span class='ocrx_word' id='word_1_308' title='bbox 2342 4091 2527 4149; x_wconf 81' lang='lat' dir='ltr'><strong>latine</strong></span> <span class='ocrx_word' id='word_1_309' title='bbox 2585 4091 2866 4149; x_wconf 83' lang='lat' dir='ltr'><strong>dicuntur·</strong></span> 
     </span>
     <span class='ocr_line' id='line_1_37' title="bbox 655 4174 2867 4252; baseline 0.002 -23"><span class='ocrx_word' id='word_1_310' title='bbox 655 4175 1052 4252; x_wconf 57' lang='lat' dir='ltr'><strong>vaniloquia,</strong></span> <span class='ocrx_word' id='word_1_311' title='bbox 1091 4187 1301 4232; x_wconf 80' lang='lat' dir='ltr'><strong>neutro</strong></span> <span class='ocrx_word' id='word_1_312' title='bbox 1338 4193 1583 4250; x_wconf 78' lang='lat' dir='ltr'><strong>genere,</strong></span> <span class='ocrx_word' id='word_1_313' title='bbox 1619 4176 1734 4232; x_wconf 84' lang='lat' dir='ltr'><strong>hoc</strong></span> <span class='ocrx_word' id='word_1_314' title='bbox 1769 4174 2232 4249; x_wconf 79' lang='lat' dir='ltr'><strong>patriloquium3</strong></span> <span class='ocrx_word' id='word_1_315' title='bbox 2270 4176 2354 4233; x_wconf 86' lang='lat' dir='ltr'><strong>sic</strong></span> <span class='ocrx_word' id='word_1_316' title='bbox 2390 4179 2545 4242; x_wconf 66' lang='lat' dir='ltr'><strong>enim</strong></span> <span class='ocrx_word' id='word_1_317' title='bbox 2604 4180 2867 4235; x_wconf 83' lang='lat' dir='ltr'><strong>nominat</strong></span> 
     </span>
     <span class='ocr_line' id='line_1_38' title="bbox 655 4259 2865 4336; baseline 0.002 -18"><span class='ocrx_word' id='word_1_318' title='bbox 655 4261 816 4332; x_wconf 70' lang='lat' dir='ltr'><strong>signa</strong></span> <span class='ocrx_word' id='word_1_319' title='bbox 852 4259 953 4317; x_wconf 65' lang='lat' dir='ltr'><strong>issa</strong></span> <span class='ocrx_word' id='word_1_320' title='bbox 985 4263 1339 4319; x_wconf 77' lang='lat' dir='ltr'><strong>venerabilis</strong></span> <span class='ocrx_word' id='word_1_321' title='bbox 1394 4262 1664 4320; x_wconf 83' lang='lat' dir='ltr'><strong>dominus</strong></span> <span class='ocrx_word' id='word_1_322' title='bbox 1700 4261 1992 4319; x_wconf 75' lang='lat' dir='ltr'><strong>Jobannes</strong></span> <span class='ocrx_word' id='word_1_323' title='bbox 2028 4260 2115 4316; x_wconf 71' lang='lat' dir='ltr'><strong>dc»</strong></span> <span class='ocrx_word' id='word_1_324' title='bbox 2144 4264 2481 4336; x_wconf 78' lang='lat' dir='ltr'><strong>Lamshaym</strong></span> <span class='ocrx_word' id='word_1_325' title='bbox 2537 4265 2865 4323; x_wconf 72' lang='lat' dir='ltr'><strong>canonicus</strong></span> 
     </span>
     <span class='ocr_line' id='line_1_39' title="bbox 654 4347 2862 4421; baseline -0 -15"><span class='ocrx_word' id='word_1_326' title='bbox 654 4347 960 4420; x_wconf 68' lang='lat' dir='ltr'><strong>Regula-b</strong></span> <span class='ocrx_word' id='word_1_327' title='bbox 996 4348 1057 4402; x_wconf 86' lang='lat' dir='ltr'><strong>in</strong></span> <span class='ocrx_word' id='word_1_328' title='bbox 1092 4348 1436 4420; x_wconf 75' lang='lat' dir='ltr'><strong>Hirsgarten</strong></span> <span class='ocrx_word' id='word_1_329' title='bbox 1471 4364 1664 4421; x_wconf 88' lang='lat' dir='ltr'><strong>prope</strong></span> <span class='ocrx_word' id='word_1_330' title='bbox 1709 4347 2130 4414; x_wconf 82' lang='lat' dir='ltr'><strong>wormatiam,</strong></span> <span class='ocrx_word' id='word_1_331' title='bbox 2167 4348 2230 4403; x_wconf 89' lang='lat' dir='ltr'><strong>in</strong></span> <span class='ocrx_word' id='word_1_332' title='bbox 2265 4349 2471 4408; x_wconf 83' lang='lat' dir='ltr'><strong>libello</strong></span> <span class='ocrx_word' id='word_1_333' title='bbox 2510 4350 2583 4408; x_wconf 86' lang='lat' dir='ltr'><strong>de</strong></span> <span class='ocrx_word' id='word_1_334' title='bbox 2633 4353 2862 4408; x_wconf 81' lang='lat' dir='ltr'><strong>Frater-</strong></span> 
     </span>
     <span class='ocr_line' id='line_1_40' title="bbox 653 4432 2505 4511; baseline 0.004 -24"><span class='ocrx_word' id='word_1_335' title='bbox 653 4434 835 4490; x_wconf 80' lang='lat' dir='ltr'><strong>nitate</strong></span> <span class='ocrx_word' id='word_1_336' title='bbox 869 4433 1099 4491; x_wconf 73' lang='lat' dir='ltr'><strong>Boset-ii</strong></span> <span class='ocrx_word' id='word_1_337' title='bbox 1135 4435 1203 4491; x_wconf 89' lang='grc' dir='ltr'><strong>Β.</strong></span> <span class='ocrx_word' id='word_1_338' title='bbox 1239 4432 1463 4490; x_wconf 78' lang='lat' dir='ltr'><strong>Mariae</strong></span> <span class='ocrx_word' id='word_1_339' title='bbox 1500 4433 1767 4510; x_wconf 65' lang='lat' dir='ltr'><strong>virginis,</strong></span> <span class='ocrx_word' id='word_1_340' title='bbox 1806 4451 1982 4509; x_wconf 81' lang='lat' dir='ltr'><strong>quem</strong></span> <span class='ocrx_word' id='word_1_341' title='bbox 2018 4433 2225 4504; x_wconf 87' lang='lat' dir='ltr'><strong>edidit,</strong></span> <span class='ocrx_word' id='word_1_342' title='bbox 2266 4438 2411 4511; x_wconf 79' lang='lat' dir='ltr'><strong>Cep.</strong></span> <span class='ocrx_word' id='word_1_343' title='bbox 2452 4446 2505 4499; x_wconf 80' lang='grc'><strong>6.</strong></span> 
     </span>
    </p>
   </div>
  </div>
 </body>
</html>
