3242 5259
1505 298 1647 368 21⁷

401 486 558 572 quia
595 485 723 552 hoc
765 485 1026 548 omnino
1062 499 1194 547 non
1244 492 1522 566 possunt
1561 483 1904 549 sustinere.
1988 482 2161 548 Nam
2208 491 2282 545 ot
2314 483 2449 566 ipsi
2490 492 2747 568 cavent,

399 612 488 657 ne
529 610 656 658 nos
693 593 764 658 in
804 589 1212 654 orationibus
1255 590 1497 653 nostris
1536 587 1929 673 impediant,
1970 604 2096 651 uec
2135 585 2491 654 derident.

573 696 948 760 Vicesimus
1018 701 1323 777 quartus.
1403 694 1465 758 si
1547 693 1954 777 contingeret
2031 692 2412 776 peregrinos
2482 692 2747 778 longius

402 800 686 865 detineri
736 798 807 862 in
847 797 1059 864 Rama
1098 804 1170 860 et
1208 798 1278 861 in
1320 797 1467 861 aliis
1509 797 1711 880 locis,
1773 796 1950 882 quod
2009 796 2293 864 habeant
2350 799 2748 883 μαίιιιιῑίιιι,

407 921 534 968 nec
571 901 752 966 Patri
791 900 1121 965 Gardiano
1161 902 1506 984 imputent:
1576 902 1702 967 sed
1756 901 2175 985 Sarracenis,
2246 901 2360 986 qui
2399 901 2468 965 ἰιι
2504 904 2639 968 ista
2677 923 2750 969 re

407 1009 692 1086 faciunt,
735 1004 908 1090 quod
951 1005 1051 1068 eis
1089 1005 1335 1091 placet,
1375 1015 1449 1070 et
1489 1025 1621 1071 non
1664 1007 1839 1090 quod
1882 1005 2071 1069 nobis
2111 1004 2275 1069 utile
2298 1011 2514 1070 'emet

575 1112 952 1175 Vicesimus
991 1109 1295 1195 quintus:
1350 1111 1524 1197 quod
1563 1113 1892 1196 peregrini
1932 1110 2019 1175 ad
2060 1108 2473 1174 redimendas
2515 1110 2751 1176 multas

403 1218 796 1281 vexationes
847 1233 979 1279 non
1020 1216 1158 1278 sint
1199 1216 1393 1279 nimis
1429 1224 1724 1292 tenaces,
1759 1215 1881 1282 sed
1909 1216 2066 1279 dent
2105 1214 2388 1280 debitam
2412 1216 2752 1298 pecuniam

407 1323 572 1404 cito,
615 1328 681 1384 et
711 1338 869 1384 cum
913 1337 1097 1403 pace.
1155 1319 1484 1385 Asinariis
1526 1330 1744 1386 autem
1788 1320 2005 1384 nullus
2044 1319 2157 1384 det
2196 1320 2562 1405 pecuniam,
2604 1338 2752 1385 cum

407 1424 647 1490 domini
718 1425 975 1508 patroni
1017 1431 1223 1488 totum
1263 1425 1612 1510 solverint3
1657 1427 1787 1491 nisi
1827 1423 2062 1509 aliquis
2103 1425 2215 1490 det
2257 1444 2342 1488 ex
2372 1424 2756 1489 liberalitate

407 1531 687 1595 asinario
730 1529 1064 1595 denarium
1111 1550 1230 1616 pro
1286 1530 1526 1614 pabulo
1589 1531 1790 1615 asini,
1839 1528 2011 1617 quod
2070 1538 2292 1596 tamen
2348 1529 2570 1594 facere
2622 1549 2753 1596 non
2808 1529 2829 1546 ⁶

412 1643 684 1700 tenetur.

573 1739 946 1806 Vicesimus
986 1750 1217 1820 sextus
1279 1741 1624 1807 articulusx
1667 1741 1844 1826 quod
1883 1741 2214 1827 peregrini
2258 1738 2502 1824 aliquid
2543 1737 2753 1803 dona-

408 1853 555 1908 rent
607 1845 1021 1928 hospitalario
1083 1847 1478 1933 hospitalis,
1534 1849 1604 1912 in
1662 1866 1793 1933 quo
1851 1864 2142 1930 eramus,
2204 1864 2335 1932 quo
2392 1843 2624 1910 domus
2680 1844 2751 1908 in

407 1950 612 2013 ruinis
655 1951 837 2015 refici
879 1959 947 2014 et
987 1954 1338 2016 restaurari
1378 1961 1627 2037 posset.

387 2119 394 2126 ,
573 2055 949 2121 Vicesimus
990 2058 1306 2140 septimus
1363 2065 1432 2121 et
1484 2056 1780 2121 ultimus=
1845 2052 2020 2138 quod
2086 2053 2412 2139 peregrini
2466 2056 2754 2120 habeant

408 2159 537 2223 sibi
591 2159 1176 2227 recommendatum
1244 2181 1597 2247 pauperem
1676 2160 2086 2225 Conventum
2159 2160 2426 2224 fratrum
2509 2158 2750 2224 montis

410 2262 597 2348 Syon
675 2266 744 2328 iu
811 2266 1216 2351 Jerusalem,
1299 2287 1572 2353 quorum
1651 2266 2103 2350 procuratione
2196 2264 2586 2328 inducuntur
2684 2269 2754 2325 et

411 2368 771 2436 educuntur
833 2372 1193 2456 peregrini,
1278 2381 1346 2435 et
1423 2371 1597 2457 quod
1654 2370 2088 2453 eleemosynis
2154 2370 2295 2432 suis
2359 2375 2750 2434 conventum

412 2472 677 2538 foveant
718 2484 788 2538 et
828 2475 1131 2540 fratribus
1172 2486 1585 2560 succurrant,
1629 2477 1743 2561 qui
1776 2475 1866 2539 ibi
1908 2476 2078 2537 inter
2116 2474 2417 2544 infideles
2460 2490 2752 2538 commo-
2836 2551 2857 2570 ·

412 2587 636 2641 rantur
671 2580 745 2643 in·
784 2580 1296 2647 consolationem
1323 2582 1841 2666 peregrinorum,
1883 2587 1950 2643 et
1990 2580 2355 2662 peregrinis
2391 2598 2508 2661 pro
2550 2595 2751 2661 posse

412 2683 669 2746 servire
721 2684 930 2766 parati
984 2694 1169 2769 suut,
1223 2687 1418 2750 etiam
1475 2683 1877 2769 subjiciendo
1919 2700 1996 2745 se
2054 2683 2341 2766 pedibus
2405 2702 2647 2766 eorum,
2688 2683 2751 2747 si

414 2803 696 2850 necesse
735 2787 920 2852 foret.
963 2789 1051 2853 Et
1095 2791 1156 2854 si
1196 2809 1326 2854 non
1368 2792 1633 2855 cuilibet
1673 2788 2013 2874 peregrino
2057 2788 2249 2851 fuerit
2291 2787 2531 2850 factum
2561 2787 2753 2869 juxta

411 2892 871 2958 amenitatem
919 2912 1136 2977 suam,
1181 2904 1250 2959 et
1289 2896 1715 2979 voluntatem,
1747 2913 1877 2957 non
1918 2894 2190 2977 imputet
2228 2893 2552 2977 fratribus,
2592 2893 2753 2976 quia

409 2997 476 3061 si
514 2998 810 3062 omnibus
851 2997 1159 3063 deberent
1196 3002 1585 3066 satisfacere
1628 2997 2046 3064 ministrando
2088 2999 2310 3062 vinum
2368 3005 2436 3064 et
2492 3011 2750 3081 panem,

412 3110 565 3184 post
617 3103 997 3168 abscessum
1051 3108 1537 3189 peregrinorum
1596 3124 1729 3169 non
1789 3104 2097 3168 haberent
2108 3146 2131 3187 ,
2192 3103 2366 3168 unde
2424 3104 2747 3167 viverent.

412 3206 694 3270 Infirmis
736 3214 955 3271 autem
995 3218 1063 3273 et
1105 3210 1428 3276 debilibus
1467 3210 1831 3296 peregrinis
1858 3209 2033 3273 omni
2064 3218 2304 3272 conatu
2329 3217 2397 3271 et
2420 3207 2753 3292 diligentia

409 3313 784 3378 ministrare
823 3315 1032 3397 parati
1092 3326 1349 3403 esseut,
1408 3334 1655 3401 eosque
1693 3315 1763 3379 in
1804 3330 1926 3379 suo
1976 3312 2375 3379 infirmitorio
2453 3313 2751 3378 refovere

414 3424 484 3481 et
524 3419 909 3483 charitatIve
950 3428 1249 3490 tractare.

574 3523 824 3588 Haec
803 3545 872 3589 ιιι
895 3525 1132 3591 Latino
1175 3534 1246 3589 et
1284 3524 1683 3590 'theutonico
1726 3532 1882 3590 'sunt
1923 3524 2284 3609 peregrinis
2310 3523 2748 3606 pronunciata.

413 3628 613 3694 Porro
655 3647 803 3693 cum
844 3646 1057 3695 sermo
1094 3629 1195 3694 sic
1233 3630 1732 3713 protraheretur,
1775 3629 2144 3712 sarraceni,
2187 3629 2300 3713 qui
2339 3629 2408 3691 in
2451 3624 2752 3692 anteriori

413 3735 580 3800 atrio
619 3734 882 3798 stabant
912 3733 1177 3816 seclusi,
1219 3735 1630 3818 impatientes
1672 3734 1829 3798 sacti
1855 3752 2002 3799 cum
2044 3734 2367 3817 lapidibus
2398 3731 2480 3796 ad
2515 3733 2752 3797 ostium

415 3839 875 3924 pulsaverunt,
915 3857 997 3905 ac
1036 3841 1096 3905 si
1139 3840 1376 3904 ostium
1417 3858 1714 3923 rumpere
1768 3839 2031 3904 vellent.
2117 3838 2254 3902 Alii
2314 3837 2756 3912 ascenderunt

411 3961 613 4028 super
655 3943 912 4008 domum
955 3955 1019 4009 et
1060 3946 1128 4008 in
1171 3945 1415 4010 curiam
1459 3954 1917 4028 respexerunt,
1961 3944 2073 4008 ubi
2115 3960 2406 4027 cramus,
2467 3942 2753 4032 ridentes

415 4059 480 4113 et
544 4049 921 4114 clamantes.
1023 4050 1169 4114 Nos
1219 4069 1378 4114 vero
1440 4070 1525 4114 eut
1579 4052 1705 4115 hoc
1769 4050 2133 4114 conturbati
2183 4057 2409 4113 contra
2470 4047 2752 4132 Juvenes

413 4153 566 4218 illos
605 4157 876 4220 seriosis
913 4155 1200 4221 vultibus
1243 4155 1390 4239 (B)
1432 4155 1872 4239 respeximus,
1936 4162 2298 4220 annuentes
2345 4164 2418 4217 ut
2466 4161 2755 4218 tacerent

413 4269 485 4324 et
524 4257 1046 4332 descenderent<
1098 4259 1230 4341 Qui
1268 4261 1568 4326 videntes
1628 4260 1870 4324 serium
1912 4268 2205 4323 nostrum
2268 4260 2748 4338 conticuerunt,

411 4373 483 4430 et
522 4381 691 4431 unus
739 4373 892 4452 post
941 4365 1140 4432 alium
1202 4365 1546 4431 abscessit.
1632 4365 1719 4430 Et
1761 4372 1963 4431 totum
2022 4363 2305 4429 officium
2372 4381 2520 4426 cum
2586 4365 2750 4443 pace
