3242 5259
1811 343 1941 406 452

717 540 915 606 super
956 523 1079 587 hac
1121 542 1213 607 re,
1255 522 1411 607 quid
1453 523 1863 588 sentiendum
1907 533 2095 591 esset
2137 524 2220 588 de
2258 524 2389 587 illis
2412 526 2794 608 corporibus
2815 545 3038 609 puero-

719 647 881 710 rum,
925 646 1093 712 quae
1132 627 1360 691 vendit
1378 623 1759 692 soldanus?
1802 628 2065 691 Dictum
2096 636 2312 692 autem
2361 629 2478 692 fuit
2506 631 2661 693 mihi
2695 650 2820 713 pro
2856 641 3040 713 certo,

719 734 892 817 quod
945 732 1291 796 Sarraceni
1348 738 1418 794 et
1473 731 1862 795 Mamalucci
1918 733 2239 815 recipiunt
2304 751 2574 816 corpora
2615 736 3039 798 abortivorum

719 849 783 901 et
824 856 1165 921 puerorum
1209 846 1502 899 recenter
1543 824 1839 900 natorum
1897 847 1962 900 et
2017 846 2440 921 mortuorum,
2502 847 2568 902 et
2616 856 2703 909 ⁷ea
2758 840 3040 901 incidunt

716 942 1017 1025 cultellis,
1060 952 1129 1006 et
1165 942 1529 1024 vulnerant,
1573 948 1643 1002 et
1670 941 2049 1004 vulneribus
2070 944 2407 1025 impressis
2439 941 2750 1025 balsamo,
2794 943 3043 1025 myrrha

718 1062 784 1111 et
841 1048 986 1111 aliis
1049 1046 1531 1111 conservativis
1591 1047 1976 1128 corpuscula
2028 1048 2141 1111 illa
2196 1046 2577 1129 conficiunt,
2637 1056 2703 1109 et
2766 1047 3038 1131 regibus,

712 1152 1112 1234 principibus
1175 1159 1240 1213 et
1293 1149 1603 1213 divitibus
1645 1148 2017 1211 christianis
2059 1167 2178 1230 pro
2241 1153 2620 1235 corporibus
2675 1162 3037 1214 sanctorum

714 1259 1124 1320 innocentum
1168 1253 1476 1317 vendunt.
1563 1254 1650 1315 Et
1688 1251 1782 1314 illi
1819 1251 2049 1315 dantes
2090 1255 2420 1336 copiosum
2447 1272 2668 1318 aurum
2708 1266 2779 1318 et
2812 1274 3037 1339 argen-

714 1370 847 1425 tum
890 1367 1117 1443 putant
1139 1374 1217 1422 se
1243 1359 1533 1440 recipere
1553 1374 1825 1438 corpora
1845 1375 2183 1438 puerorum
2206 1366 2576 1421 sanctorum
2622 1368 2691 1422 et
2736 1362 3040 1442 recipiunt

709 1482 988 1548 'corpora
1027 1463 1438 1546 parvulorum
1485 1461 1942 1526 damnatorum.
2028 1463 2110 1524 Et
2152 1463 2245 1524 ita
2286 1459 2531 1525 Christi
2587 1461 2824 1525 fideles
2866 1462 3039 1526 ‹lelu-

717 1571 978 1651 duntur,
1023 1575 1090 1631 et
1129 1568 1423 1652 pecuniis
1464 1565 1840 1649 spoliantur.
1929 1564 2159 1628 Sciunt
2183 1567 2348 1629 enim
2372 1566 2666 1629 infideles
2687 1567 2786 1629 illi
2819 1567 3038 1630 ardens

713 1673 1116 1737 desiderium
1159 1681 1447 1735 nostrum
1492 1689 1609 1753 pro
1653 1668 1968 1734 habendis
2020 1670 2338 1754 reliquiis,
2403 1679 2471 1734 et
2512 1672 2658 1735 ideo
2700 1670 3038 1754 disponunt

716 1779 916 1861 ligna,
955 1785 1280 1858 tamquam
1325 1775 1409 1839 de
1450 1784 1680 1838 sancta
1723 1793 1917 1837 cruce
1964 1785 2031 1838 et
2067 1775 2313 1857 clavos,
2360 1784 2427 1837 et
2466 1777 2714 1858 spiuaS,
2763 1784 2836 1838 et
2878 1792 3034 1855 ossa,

711 1890 784 1945 et
826 1881 1028 1955 multa
1064 1878 1247 1961 talia,
1288 1887 1366 1940 ut
1407 1881 1706 1942 incautos
1749 1877 2079 1962 deludant,
2123 1889 2188 1942 et
2209 1881 2502 1961 pecuniis
2531 1880 2832 1962 spolient.
2897 1880 3031 1942 Non

711 1985 900 2049 multi
940 1983 1189 2045 valoris
1239 1990 1405 2055 ‚sunt
1447 1981 1616 2064 apud
1683 2001 1788 2044 me
1826 1983 2135 2066 reliquiae
2175 2003 2390 2048 novae
2447 1985 2529 2047 de
2597 1984 3030 2049 transmarinis

559 2122 582 2137 κ
709 2089 1003 2176 partibus
1052 2093 1443 2167 asportatae,
1485 2086 1875 2168 praecipuae
1900 2104 2068 2170 quae
2108 2099 2259 2151 suut
2303 2096 2518 2151 emtae
2558 2107 2600 2150 a
2639 2088 3028 2167 Sarracenis,

709 2194 819 2258 vel
871 2194 954 2255 ab
995 2188 1419 2254 orientalibus
1465 2188 1855 2254 Christianis
1902 2193 2120 2256 ⁴falsis.
2229 2193 2445 2256 Secus
2499 2203 2601 2256 est
2658 2193 2743 2255 de
2811 2192 3027 2276 lapillis

709 2296 955 2361 sanctis
1017 2313 1059 2356 a
1122 2294 1287 2356 locis
1347 2296 1595 2358 sanctis
1657 2303 1780 2358 etc.
1863 2297 2071 2379 Igitur
2138 2297 2221 2361 de
2284 2316 2487 2381 specu
2554 2298 3025 2381 sepulchrorum

710 2400 1145 2464 innocentium
1191 2400 1444 2480 egressi
1486 2416 1733 2481 sumus,
1778 2419 1899 2463 uec
1937 2402 2209 2475 ulterius
2251 2404 2705 2484 processimus.

876 2505 1006 2566 Est
1049 2505 1218 2564 enim
1264 2504 1346 2566 ab
1389 2504 1515 2565 isto
1558 2520 1763 2585 specu
1807 2516 2285 2590 consequenter
2326 2510 2643 2571 transitus
2687 2492 2908 2571 arctus
2926 2523 3027 2591 per

712 2615 959 2692 petram
1004 2607 1286 2687 incisus,
1327 2624 1518 2690 quem
1562 2608 1798 2672 fratres
1816 2612 2107 2674 Minores
2152 2614 2444 2675 fecerunt
2486 2614 2762 2695 occulte,
2810 2619 2887 2676 ut
2926 2629 3025 2693 per

706 2733 853 2778 eum
897 2711 980 2775 tle
1020 2709 1276 2793 capella
1318 2711 1389 2774 S.
1429 2712 1720 2796 Nicolai,
1761 2716 1828 2777 iu
1869 2733 2000 2798 qua
2039 2717 2234 2780 horas
2277 2717 2646 2800 perficiunt,
2680 2715 2886 2797 (1⁷8
2929 2714 3020 2795 A)

707 2822 982 2903 possent
1021 2818 1266 2879 intrare
1324 2824 1392 2877 et
1434 2817 1615 2878 exire
1670 2818 1752 2880 ad
1807 2818 2017 2882 locum
2077 2823 2436 2886 nativitatis
2479 2820 2741 2885 Christi.
2850 2817 3021 2883 Unde

708 2922 1005 2986 omnibus
1059 2918 1270 2982 modis
1321 2918 1651 2983 occultant
1713 2924 2053 2987 transitum
2107 2926 2297 2989 villum
2316 2971 2338 3009 ,
2402 2928 2595 2989 etiam
2650 2922 3015 3007 peregrinis,

706 3044 792 3088 ne
830 3045 949 3108 per
989 3024 1217 3086 eos'in
1261 3025 1548 3086 notitiam
1583 3024 2089 3091 Sarracenorum
2132 3038 2198 3092 et
2232 3030 2634 3093 orientalium
2666 3026 3016 3091 Christian·

705 3144 888 3191 orum
921 3125 1287 3215 perveniat,
1331 3131 1486 3211 quia
1527 3132 1747 3192 statim
1790 3133 2130 3195 transitum
2193 3136 2626 3215 obstruerent,
2692 3140 2761 3195 et
2806 3134 3015 3196 fratres

706 3227 918 3290 locum
981 3228 1372 3293 amitterent.
1453 3233 1629 3315 -Ege
1693 3254 1778 3298 ex
1830 3235 1958 3298 Dei
2019 3237 2190 3301 dono
2244 3246 2311 3299 et
2386 3236 2652 3303 fratrum
2690 3237 3011 3323 ,Uinomm

704 3330 976 3394 carittte
1011 3330 1118 3396 ‘ad
1173 3351 1310 3418 me,
1368 3337 1758 3422 quandoque
1811 3359 1929 3422 per
1984 3343 2303 3424 integram
2359 3349 2617 3417 noctem
2678 3341 2862 3404 solus
2916 3339 3014 3417 fui,

703 3436 950 3500 clausis
990 3437 1288 3502 omnibus
1331 3442 1517 3504 ostiis
1559 3443 1884 3506 ecclesiae
1926 3453 1990 3507 et
2045 3446 2435 3530 speluncae,
2497 3446 2565 3511 in
2620 3446 3013 3510 sanctissimo

701 3542 845 3605 loco
886 3542 1249 3607 nativitatis
1285 3542 1529 3609 Christi
1571 3547 1902 3611 immissus
1944 3569 2063 3633 per
2103 3550 2423 3614 occultum
2467 3556 2662 3614 istum
2708 3550 2959 3635 aditum·

867 3646 1139 3729 Egressi
1170 3666 1327 3731 ergo
1360 3649 1452 3710 der
1476 3667 1681 3732 specu
1692 3651 2113 3717 innocentum
2148 3674 2265 3738 per
2283 3658 2628 3718 obscurum
2662 3657 3010 3731 transitum,

699 3765 815 3830 per
860 3766 1052 3831 quem
1091 3771 1502 3837 veneramus,
1547 3758 1795 3818 reversi
1836 3773 2063 3821 sumus
2125 3761 2190 3823 in
2214 3804 2217 3811 .
2243 3777 2509 3842 specum
2563 3759 2674 3822 vel
2735 3766 3009 3843 cryptam

699 3852 1059 3916 nativitatis
1101 3854 1368 3942 Christi,
1414 3867 1478 3921 et
1519 3860 1609 3922 ibi
1658 3861 1895 3924 iterum
1938 3866 2244 3944 prostrati
2307 3864 2453 3927 loca
2495 3873 2727 3927 sancta
2787 3860 3010 3939 nativi-

697 3956 963 4019 tattsret
995 3964 1465 4045 praesepis,·et
1513 3962 1743 4027 locum·
1767 3967 2087 4031 sessionis
2129 3968 2357 4030 beatae
2399 3968 2728 4051 Virginis,
2771 3961 3007 4049 qnando

696 4074 739 4120 a
803 4059 1010 4123 tribus
1067 4067 1327 4147 regibus
1391 4071 1647 4149 accepit
1699 4088 1993 4154 munera,
2059 4070 2420 4136 deosculati
2480 4088 2725 4135 snmus.
2818 4072 3007 4151 Porro

691 4164 1197 4233 consistentibus
1239 4172 1424 4233 nobis
1465 4174 1637 4234 inter
1656 4173 1821 4237 ,loca
1842 4173 1956 4237 illa
1976 4185 2226 4257 sancta,
2268 4177 2449 4238 venit
2462 4174 2627 4239 mihi
2657 4177 2727 4238 in
2748 4183 3005 4241 mentem

692 4272 958 4352 raptus,
1004 4288 1195 4354 quem
1221 4288 1433 4357 ‘passa
1472 4275 1595 4339 suit
1639 4278 2291 4361 beatissima-Paula,
2335 4279 2715 4363 peregrina,
2776 4281 2846 4343 in
2895 4278 3006 4341 hoo

690 4368 837 4437 loco
898 4366 1224 4461 existens,
1265 4395 1464 4462 quae,
1511 4379 1815 4444 audiente
1852 4381 2244 4468 Jerenymo,
2283 4385 2577 4467 jurabat,
2620 4401 2885 4448 cernere
2938 4395 3004 4441 80
