3242 5259
1723 310 1852 375 216

619 493 881 560 medum
922 502 1024 560 est
1064 493 1395 559 sustinere
1434 487 1606 575 apud
1672 506 1822 573 eos,
1875 498 1940 553 et
1985 489 2194 553 omnis
2228 489 2421 573 jocus
2464 487 2959 574 obliviscuntur,

619 607 691 665 et
747 601 1133 664 irascunmr.
1219 596 1435 681 Huius
1479 594 1635 659 facti
1667 612 1792 677 ego
1831 593 1907 658 Ε.
1949 595 2023 658 F.
2066 595 2142 659 1⁴*-
2195 596 2441 679 accepi.
2471 596 2961 679 experientiam.

768 703 1079 767 Decimus
1119 712 1424 767 octavus:
1471 699 1816 784 diligenter
1856 698 2181 763 custodiat
2203 701 2588 784 peregrinus
2627 717 2736 764 nes
2780 717 2962 783 suas,

622 818 690 873 et
730 806 992 893 nullibi,
1055 808 1168 871 nbi
1217 801 1562 870 Sarraceni
1626 813 1799 889 sunt,
1834 803 2057 887 Jacere
2108 805 2440 888 permittat
2455 849 2477 888 ,
2524 804 2692 869 alias
2738 807 2962 869 statim

623 921 1060 997 evanescunt,
1100 912 1235 981 sint
1263 927 1703 996 ⁴quwcunque
1744 927 1872 973 res.

788 1016 1101 1081 Decimus
1160 1005 1401 1080 nonus:
1487 1016 1548 1078 si
1589 1015 1971 1098 peregrinus
2030 1015 2226 1079 habet
2288 1013 2641 1079 flasconem
2682 1013 2852 1098 vini,
2895 1023 2966 1078 et

623 1121 840 1207 placet
880 1121 1007 1184 sibi
1049 1120 1270 1186 bibere
1279 1166 1303 1205 ,
1347 1119 1407 1184 si
1442 1118 1788 1188 Sarraceni
1829 1128 2100 1196 assunt,
2139 1118 2420 1182 occultet
2461 1119 2811 1185 flasconem
2827 1164 2850 1203 ,
2892 1126 2966 1181 et

624 1227 881 1297 occulte
939 1228 1144 1299 bibat:
1214 1234 1402 1310 roget
1465 1226 1746 1307 socium,
1810 1234 1879 1289 ιιι
1928 1232 2080 1287 ante
2123 1242 2271 1287 eum
2318 1241 2395 1286 se
2436 1232 2667 1307 ponat,
2731 1223 2840 1288 vel
2884 1241 2966 1287 se

622 1334 820 1419 pallio
889 1333 1170 1416 operiat,
1228 1339 1301 1394 ut
1360 1328 1616 1394 occulte
1682 1329 1881 1392 bibat.
1984 1326 2154 1407 Quia
2208 1346 2293 1392 ex
2351 1348 2480 1413 quo
2548 1329 2712 1411 ipsis
2769 1336 2965 1411 potus

624 1439 761 1503 vini
794 1447 897 1501 est
929 1427 1345 1518 interdictus,
1388 1433 1648 1518 quando
1690 1434 1913 1506 vident
1960 1453 2082 1498 nos
2123 1435 2364 1526 bibere,
2406 1432 2704 1498 invident
2745 1434 2961 1517 nobis,

624 1553 692 1608 et
732 1544 791 1608 si
829 1551 1139 1628 possunt,
1179 1540 1526 1605 molestant
1567 1539 1935 1602 bibentem.-

793 1646 1169 1715 Vicesimus
1228 1644 1573 1714 articulus:
1650 1663 1779 1706 non
1864 1642 2059 1707 faciat
2121 1644 2504 1731 peregrinus
2578 1643 2969 1709 commercia

628 1769 776 1821 cum
820 1750 1218 1834 sarraceno,
1261 1750 1388 1821 nisi
1430 1768 1581 1814 cum
1623 1748 1737 1817 tali
1782 1748 2227 1832 providentia,
2289 1747 2463 1832 quod
2511 1748 2680 1811 sciat
2716 1764 2795 1810 se
2834 1766 2969 1811 non

630 1858 786 1923 falli.
875 1854 1211 1926 Conantur
1253 1855 1427 1923 enim
1469 1871 1592 1927 nos
1636 1854 1864 1923 fallere
1905 1863 1971 1917 et
2010 1854 2419 1936 arbitrantur,
2461 1870 2538 1915 se
2577 1855 2724 1917 Deo
2768 1855 2971 1917 ohse-

629 1964 851 2050 quium
916 1968 1282 2044 praestare,
1355 1958 1505 2032 dum
1563 1958 1844 2043 aliquem
1910 1967 2186 2043 possunt
2243 1958 2472 2021 fallere
2526 1968 2593 2021 et
2647 1958 2966 2041 decipere.

629 2068 718 2137 Et
759 2074 910 2129 ante
953 2063 1167 2134 omnia
1191 2064 1276 2126 sit
1310 2063 1693 2146 peregrinus
1731 2061 2042 2151 providus
2075 2072 2141 2128 et
2172 2063 2502 2127 custodiat.
2531 2081 2608 2132 se
2636 2061 2969 2127 aJudaeis

630 2164 1051 2254 theutonicis,
1096 2168 1246 2250 quia
1280 2174 1423 2242 toto
1465 2168 1614 2240 nisu
1658 2167 1742 2240 ad
1784 2169 1912 2238 hoc
1952 2168 2253 2254 tendunt,
2299 2177 2370 2230 ut
2419 2186 2542 2231 nos
2586 2168 2856 2253 fallant,
2899 2177 2968 2231 et

629 2275 925 2361 pecuniis
965 2272 1261 2357 spolient.
1321 2271 1439 2343 Sic
1483 2274 1681 2343 etiam
1724 2271 2047 2343 custodiat
2086 2291 2162 2336 se
2204 2292 2245 2338 a
2288 2272 2682 2345 Christianis
2748 2275 2968 2339 orien—

630 2380 867 2445 talibus
901 2380 969 2443 in
1012 2377 1438 2461 commerciis,
1473 2379 1623 2460 qnia
1662 2378 1900 2449 nullam
1937 2379 2183 2452 habent
2227 2379 2712 2463 conscientiam,
2756 2380 2971 2445 minus

632 2503 825 2577 quam
866 2481 1103 2555 Judaei
1145 2490 1213 2547 et
1261 2480 1630 2565 Satn-aneni,
1662 2491 1730 2556 et
1767 2483 1826 2545 si
1869 2494 2164 2567 possunt,
2193 2485 2522 2569 decipiunt
2564 2484 2970 2568 peregrinos.

795 2581 1173 2660 Vicesimus
1238 2588 1514 2671 primus:
1603 2589 1933 2672 peregrini
1997 2587 2318 2662 facientes
2387 2598 2759 2664 contractus
2820 2607 2971 2652 cum

631 2694 1014 2764 sarracenis
1066 2711 1197 2759 non
1236 2692 1495 2778 litigent
1536 2710 1685 2755 cum
1727 2693 1858 2778 eis,
1901 2711 2025 2759 nec
2072 2694 2327 2777 jurent,
2391 2713 2516 2758 nec
2582 2694 2968 2765 irascantur.

634 2799 867 2866 Sciunt
911 2800 1104 2881 enim,
1166 2799 1334 2869 haec
1396 2814 1548 2867 esse
1627 2797 1947 2867 contraria
2030 2799 2421 2865 christianae
2503 2798 2842 2881 religioni,
2899 2806 2973 2860 et

634 2904 893 2999 quando
937 2902 1093 2967 talia
1133 2901 1390 2984 vident,
1451 2902 1672 2974 statim
1720 2901 1974 2975 dicunt:
2047 2902 2104 2970 0
2149 2903 2318 2967 male
2361 2902 2746 2967 Christiane.
2793 2902 2972 2965 Nam

634 3011 762 3083 hoc
804 3008 1096 3073 Italicum
1140 3008 1251 3072 vel
1273 3009 1575 3071 Latinum
1616 3026 1844 3073 omnes
1884 3010 2138 3092 sciunt3
2184 3015 2253 3073 et
2295 3007 2379 3071 ad
2420 3026 2673 3073 omnem
2726 3014 2970 3076 motum

635 3115 940 3185 vitiosum
960 3112 1285 3196 peregrini
1315 3111 1631 3195 objiciunt
1652 3132 1886 3185 nomen
1919 3112 2294 3197 Christiani,
2316 3131 2397 3182 ac
2416 3113 2475 3180 si
2509 3112 2797 3182 dicerent
2810 3110 2973 3176 illud

635 3218 995 3305 Augustini
1019 3217 1102 3280 de
1117 3215 1411 3289 doctrina
1433 3218 1802 3285 christiana.
1825 3219 1945 3303 Tu,
1966 3220 2196 3307 inquit,
2224 3218 2542 3303 quomodo
2560 3217 2975 3282 Christianus

640 3323 902 3407 diceris,
925 3324 994 3388 in
1036 3341 1164 3412 quo
1190 3319 1547 3393 Christiani
1589 3331 1777 3393 actus
1820 3341 1949 3387 non
1991 3333 2182 3394 sunt:
2230 3321 2644 3394 Christianus
2678 3322 2977 3407 justitiae

640 3424 801 3511 (⁸4
820 3428 929 3512 A)
971 3425 1300 3512 bonitatis,
1340 3429 1756 3513 integritatis,
1780 3427 2171 3517 patientiae,
2202 3429 2542 3515 castitatis,
2567 3427 2974 3516 prudentiae,

640 3533 1053 3614 humilitatis,
1116 3533 1554 3617 humanitatis,
1615 3535 2030 3605 innocentiae
2073 3542 2141 3597 et
2211 3534 2474 3618 pietatis
2544 3551 2779 3597 nomen
2844 3539 2976 3604 est.

637 3637 856 3703 Debet
897 3655 1053 3727 ergo
1116 3640 1495 3731 peregrinus
1558 3640 1661 3703 sic
1701 3657 1779 3703 se
1837 3657 2103 3728 gerere,
2168 3632 2241 3704 ut
2303 3659 2433 3710 uon
2494 3638 2978 3727 blasphemetur

641 3759 882 3808 nomen
918 3751 1051 3806 tam
1092 3742 1308 3806 nobile
1350 3745 1419 3805 in
1459 3744 1607 3828 ipso
1651 3753 1774 3811 etc..
2798 3771 2850 3822 ρ

679 3865 686 3873 ·
799 3847 1182 3928 ‚Vicesimus
1223 3845 1583 3912 secunduse
1630 3856 1866 3911 caveat
1906 3851 2312 3933 peregrinus,
2353 3864 2440 3910 ne
2477 3846 2865 3931 Muschens,
2906 3844 2978 3909 id

645 3965 765 4037 est,
829 3953 1334 4017 Sarmatina-rum
1395 3953 1635 4038 templa
1685 3962 1754 4016 et
1812 3955 2094 4018 oratoria
2165 3952 2603 4037 ingrediatur,
2696 3952 2850 4036 quia
2915 3954 2980 4017 si

645 4061 1062 4141 reperiretur,
1126 4060 1621 4141 huperturbatus
1685 4077 2097 4143 nequaquam
2158 4058 2404 4141 exiret,
2467 4060 2666 4121 etiam
2706 4057 2770 4122 si
2827 4074 2981 4120 cum

645 4165 781 4229 vita
821 4161 1098 4225 evadere
1142 4173 1399 4245 posset:
1439 4163 1523 4231 de
1561 4165 1688 4228 hoc
1727 4162 1982 4247 plenius
2019 4162 2133 4234 fol.
2173 4162 2320 4228 ²61.
2364 4171 2434 4225 et
2482 4169 2978 4245 consequenter.

619 4328 636 4364 .·
805 4269 1182 4337 Vicesimus
1270 4270 1535 4332 tertius:
1631 4276 1865 4333 caveat
1937 4272 2347 4350 summopere
2405 4269 2825 4350 peregrinus,
2890 4282 2984 4328 ne

645 4373 1046 4437 Sarracenos
1090 4385 1350 4433 orantes
1392 4381 1459 4435 et
1495 4383 1724 4457 gestus
1784 4375 1890 4437 sui
1947 4373 2162 4440 cultus
2227 4379 2616 4437 exercentes
2687 4370 2980 4452 irrideat,
