3242 5259
1330 370 1338 377 ι
1386 309 1465 376 38
1472 309 1506 372 5

292 496 426 562 eris
466 492 977 580 peregrinorum,
1005 488 1088 554 de
1128 506 1399 576 quorum
1427 491 1617 558 labiis
1640 487 1969 576 quaedam
1994 486 2321 573 pinguedo
2350 500 2637 556 remanet

287 604 359 668 in
402 599 727 684 lapidibus
769 593 1184 661 deosculatis.
1272 597 1347 658 In
1392 596 1517 661 hec
1557 612 1719 680 ergo
1760 595 1940 679 loco,
2005 594 2156 659 dum
2197 596 2387 659 beata
2428 595 2637 685 Virgo

291 706 511 769 Maria
557 703 848 767 visitatis
885 699 1167 783 quodam
1217 699 1322 763 die
1364 699 1528 764 locis
1580 702 1834 765 sanctis
1893 701 2310 783 consisteret,
2372 700 2639 766 advenit

295 808 557 875 Gabriel
590 806 884 890 angelus,
919 800 1192 889 e'amque
1205 804 1686 869 officiosissime
1716 808 1948 869 iterum
1980 824 2097 889 per
2129 805 2281 868 Ave
2305 804 2637 889 salutavit,

294 913 760 1000 praenuntians
806 910 867 972 ei
911 910 1254 983 instantem
1324 910 1565 971 obitum
1611 918 1678 972 et
1720 912 2065 974 transitum
2108 928 2192 972 ex
2231 910 2359 975 hoc
2398 909 2639 975 mundo

294 1019 378 1084 ad
418 1027 693 1103 patrem.
777 1013 984 1093 Veni,
1027 1013 1274 1096 inquit,
1326 1012 1615 1094 gloriosa
1656 1013 1970 1097 Domina,
2027 1013 2111 1078 ad
2148 1031 2328 1097 eum,
2397 1017 2508 1099 qui
2548 1034 2639 1081 ex

293 1132 361 1188 te
417 1130 615 1186 natus
681 1126 818 1201 est,
887 1126 1227 1202 receptura
1288 1119 1561 1181 materni
1622 1121 1791 1182 uteri
1853 1120 2163 1202 pignora,
2228 1117 2638 1185 educationis

292 1225 651 1293 mercedem
669 1268 691 1307 ,
733 1221 924 1287 lactis
969 1230 1035 1284 et
1084 1238 1280 1284 escae
1321 1221 1879 1308 vicissitudinem,
1935 1225 2224 1288 laborum
2269 1224 2639 1288 retributio-

293 1350 476 1415 nem,
552 1328 928 1414 passionum
987 1329 1568 1393 remunerationem
1579 1348 1602 1411 3,
1682 1328 1942 1414 erisque
2001 1328 2210 1410 gloria
2284 1329 2638 1413 beatorum,

295 1453 449 1500 arca
508 1418 1004 1516 salvandorum,
1069 1432 1219 1513 sons
1282 1432 1733 1495 fluctuantium
1760 1476 1781 1514 ‚
1852 1432 2127 1497 bacillus
2203 1433 2639 1517 imbecillium,

296 1540 480 1605 scala
541 1538 625 1602 ad
687 1538 906 1601 coelos
972 1535 1499 1620 ascendentium,
1582 1538 1999 1619 propitiatrix
2059 1539 2501 1622 peccantium,
2575 1548 2645 1602 et

296 1643 669 1711 auxiliatrix
707 1644 1000 1707 omnium
1040 1649 1106 1704 te
1149 1641 1611 1704 invocantium.
1668 1640 1796 1703 His
1839 1641 2031 1705 dictis
2071 1642 2331 1707 tradidit
2366 1643 2642 1728 angelus

297 1748 560 1831 Virgini
596 1765 842 1837 ramum
895 1745 1152 1830 palmae
1194 1746 1725 1828 speciosissimae
1765 1747 2033 1808 missum
2086 1746 2169 1809 de
2209 1746 2531 1831 paradiso,
2574 1749 2643 1810 in

161 1936 178 1943 -
296 1854 558 1936 signum
604 1851 936 1935 perfectae
975 1851 1294 1914 victoriae
1315 1867 1534 1933 ,supra
1581 1848 1843 1912 humani
1882 1851 2147 1934 generis
2187 1853 2535 1935 inimicum,
2577 1862 2645 1916 et

296 1955 798 2040 supra'dolores
840 1965 904 2019 et
958 1963 1241 2025 terrores
1285 1950 1823 2036 mortis,'jubens
1866 1962 2114 2018 ramum
2154 1940 2349 2039 hujus
2391 1956 2646 2040 palmae

298 2070 455 2129 ante
488 2061 796 2124 feretrum
844 2060 1099 2124 deferri.
1139 2057 1457 2123 'Tradidit
1499 2059 1765 2140 insuper
1807 2060 1868 2122 ei
1910 2062 2310 2125 vestimenta
2348 2061 2649 2126 mnebria

298 2183 499 2249 supra
574 2167 917 2233 humanam
989 2164 1502 2233 aestimationem
1585 2161 1965 2245 candentia,
1986 2206 2007 2223 .
2031 2166 2099 2257 in
2162 2165 2401 2248 quibus
2446 2167 2646 2249 ,mor-i,

302 2271 596 2354 sepeliri,
661 2277 730 2333 et
770 2273 836 2335 in
900 2269 1149 2334 coelum
1213 2286 1569 2332 ascensura
1624 2276 1821 2339 esset.
1909 2270 1997 2329 Et
2058 2268 2163 2332 his
2228 2269 2515 2350 peractis
2576 2269 2644 2333 iu

302 2376 552 2439 coelum
598 2374 912 2443 ascendit.
953 2376 1029 2436 ln
1071 2374 1197 2436 hoc
1239 2390 1398 2457 ergo
1441 2372 1584 2449 loco
1620 2372 1810 2435 dictis
1848 2373 2241 2436 orationibus
2273 2372 2647 2456 praescrip-

303 2482 390 2544 tis
444 2489 676 2543 terram
722 2478 1076 2544 deosculati
1119 2496 1346 2549 sumus
1398 2486 1462 2540 et
1504 2475 1944 2560 indulgentias
1987 2477 2358 2560 accepimus
2395 2476 2536 2560 st).

302 2648 422 2725 De
467 2658 709 2726 monte
733 2647 1133 2742 Galilaeae,
1198 2645 1320 2749 qui
1370 2657 1488 2724 est
1535 2658 1707 2750 pars
1750 2644 2011 2721 montis
2044 2641 2342 2740 Oliveti,
2388 2645 2463 2721 in
2507 2669 2648 2746 quo

450 2769 807 2849 Dominus
861 2778 1032 2873 post
1083 2770 1686 2875 resurrectionem
1740 2766 2515 2870 discipulismpparuit.

472 2912 731 2977 Deinde
787 2913 1014 2979 relicto
1091 2912 1246 2979 loco.
1301 2913 1847 2998 praesentationis
1923 2911 2173 2995 palmae
2233 2929 2351 2995 per
2414 2909 2647 2994 jugum

305 3020 546 3089 montis
586 3027 810 3083 contra
830 3017 1192 3103 aquilonem
1217 3022 1670 3103 processimus
1694 3026 1761 3080 et
1801 3034 2011 3101 usque
2053 3014 2134 3079 ad
2179 3033 2379 3093 cornu
2414 3015 2648 3078 montis

304 3122 571 3207 oliveti,
592 3125 703 3187 ubi
723 3132 952 3201 contra
967 3122 1334 3209 aquilonem
1367 3125 1560 3187 tinem
1583 3112 1766 3205 facit,
1786 3124 2086 3193 venimus
2108 3119 2193 3189 ad
2232 3120 2647 3206 supercilium

306 3231 580 3313 mone„
639 3231 733 3293 m
791 3229 1028 3292 multos
1092 3212 1386 3293 cumulos
1458 3227 1745 3312 lapidum
1825 3227 2229 3310 invenimus,
2310 3235 2378 3289 ot
2438 3225 2650 3291 locum

307 3335 630 3398 orationis.
674 3333 930 3399 Dicitur
966 3335 1160 3418 enim,
1205 3333 1378 3419 quod
1420 3341 1712 3417 tempore
1754 3324 2004 3396 Christi
2042 3332 2134 3395 ibi
2172 3331 2369 3396 tuerit
2404 3329 2651 3409 villula,

309 3436 485 3501 dicta
523 3436 837 3517 Galilaea,
859 3436 927 3503 in
968 3458 1096 3523 qua
1125 3440 1413 3523 promisit
1435 3439 1754 3503 Dominus
1798 3440 2086 3519 tempore
2118 3453 2280 3499 suae
2302 3435 2651 3519 passionis,

306 3558 386 3604 se
423 3542 863 3631 appariturum
906 3538 1241 3627 discipulis
1281 3545 1350 3607 in
1410 3544 1516 3609 die
1556 3538 2075 3606 resurrectionis.
2163 3535 2438 3616 Quando
2488 3536 2654 3603 dixit

307 3646 623 3711 Matthaei
681 3646 799 3715 2⁶:
878 3646 1234 3730 Postquam
1290 3664 1633 3712 surrexero
1646 3691 1668 3730 ,
1734 3641 2116 3728 praecedam
2182 3659 2307 3706 vos
2348 3642 2417 3704 iu
2461 3638 2653 3705 Gali-

306 3750 541 3821 laea‘m.
622 3751 867 3815 Dicunt
930 3753 1100 3823 enim
1159 3752 1417 3838 quidam
1434 3796 1455 3839 ,
1523 3750 1699 3835 quod
1761 3748 2084 3812 Dominus
2134 3746 2523 3830 promittens
2574 3760 2652 3809 se

307 3862 461 3941 post
540 3858 1081 3921 resurrectionem
1152 3856 1491 3941 discipulis
1573 3871 1890 3938 apparere
1968 3853 2039 3919 in
2109 3848 2403 3916 Galilaea
2420 3895 2442 3935 ‚
2527 3849 2653 3914 ali-

307 3960 567 4045 quando
648 3961 1032 4046 loquebatur
1105 3960 1189 4025 de
1249 3961 1396 4026 illa·
1440 3958 1601 4024 villa
1676 3956 2013 4040 Galilaea,
2078 3955 2423 4040 aliquando
2489 3972 2652 4020 vero

308 4065 695 4149 loquebatur
738 4064 824 4129 de
865 4064 1238 4150 provincia,
1280 4063 1580 4131 Galilaea
1619 4061 1794 4126 dicta
1807 4106 1828 4143 ,
1872 4062 2028 4147 quia
2066 4063 2409 4146 utrobique
2445 4075 2654 4143 appa-

311 4172 455 4235 ruit.
563 4170 674 4235 De
734 4169 895 4235 villa
957 4167 1258 4235 Galilaea
1324 4166 1707 4253 loquebatur
1784 4166 2017 4231 Manli.
2073 4165 2180 4232 Β.
2246 4172 2315 4229 et
2373 4161 2655 4246 angelus

313 4272 519 4351 (14⁸
538 4275 645 4353 Δ)
703 4273 940 4338 ibidem
976 4275 1089 4340 ¹8.
1133 4274 1361 4339 diceus
1404 4270 1817 4354 mulieribus,
1857 4280 1932 4334 ut
1962 4269 2257 4336 dicerent
2294 4266 2653 4349 discipulis,

313 4382 389 4438 ut
448 4388 604 4442 eant
657 4380 730 4444 iu
794 4376 1190 4462 Galilaeam,
1253 4378 1345 4441 ibi
1408 4394 1566 4442 eunao
1635 4384 1861 4439 essem
1918 4375 2174 4531 visuriz.⁵
2230 4374 2317 4437 Et
2372 4369 2656 4434 eecleda
