3242 5259
1527 226 1655 296 in

398 416 728 503 famulum,
770 415 878 482 cui
916 423 1073 479 nota
1107 420 1251 476 erat
1291 410 1405 474 via
1443 407 1531 473 ad
1573 417 1870 474 sanctam
1922 425 2184 475 crucem
2237 405 2617 490 premittens
2683 405 2748 467 ei

397 524 770 592 marcellam
837 538 881 584 a
919 518 1210 604 quolibet
1249 516 1378 579 sibi
1407 512 1689 579 dandum
1728 532 1981 580 mecum
2000 513 2208 598 ituris,
2245 510 2531 578 conduxi
2557 510 2750 574 etiam

396 629 820 711 bar-caletum,
862 624 976 710 qui
1024 640 1147 687 nes
1188 620 1274 685 ad
1313 619 1467 685 litus
1508 619 1835 685 educeret.
1878 618 2204 685 videntes
2234 627 2452 682 autem
2477 615 2755 698 nobiles,

401 754 531 802 nen
559 750 712 799 esse
740 732 961 815 jocum
1003 724 1178 813 quod
1217 726 1589 811 gerebatur,
1632 728 1928 791 abierunt
1968 741 2204 790 omues
2234 721 2317 787 de
2358 740 2505 786 maa
2535 722 2757 787 secie—

402 847 539 905 tate
581 846 951 903 retrorsum.
1034 832 1302 896 Mecum
1347 840 1567 896 tamen
1596 833 1971 896 manserunt
2019 831 2090 895 hi
2137 826 2501 914 peregrini:

567 980 892 1046 Dominus
958 974 1324 1042 Hainricus
1383 973 1466 1040 de
1517 973 1993 1060 Schowmberg
2063 972 2301 1038 nobilis
2373 971 2595 1055 miles,
2652 970 2757 1034 vir

404 1084 897 1253 andnficmiuus
938 1184 987 1249 J
992 1184 1285 1249 ohannes
1329 1183 1699 1270 Presbyter
1717 1228 1739 1268 ,
1798 1182 2295 1249 archidiaconus
2344 1176 2758 1264 transsylva-

411 1312 564 1381 nus,
604 1296 713 1359 vir
755 1291 1037 1357 devotus
1085 1298 1156 1353 et
1195 1287 1446 1356 doctus.

574 1415 906 1482 Dominus
928 1409 1189 1495 Caspar
1215 1408 1444 1495 Siculi,
1466 1411 1682 1493 miles,
1705 1409 1810 1473 vir
1823 1407 2091 1493 juvenis
2112 1406 2328 1473 audax
2348 1415 2416 1471 et
2427 1416 2760 1472 strenuus.

553 1542 870 1608 Dominus
933 1536 1354 1604 Burchardus
1440 1536 1869 1623 Nusdorffer,
1945 1536 2171 1622 miles,
2238 1536 2344 1601 vir
2427 1536 2637 1599 bonus
2694 1538 2761 1595 et

404 1645 902 1816 1(κηιῖἑίιιιιιῗζῆίίιε
954 1744 1215 1832 quidam
1289 1743 1623 1811 Suitensis
1698 1746 1783 1813 de
1843 1747 2179 1832 Thur-ege,
2234 1744 2339 1811 vir
2401 1744 2636 1829 longus
2692 1750 2762 1806 et

409 1858 916 2024 pronai-mm
958 1952 1242 2044 quidam,
1291 1963 1610 2021 mercator
1648 1953 1732 2020 de
1771 1953 2098 2041 Flandria,
2135 1955 2242 2022 vir
2283 1954 2551 2022 multum
2607 1953 2761 2020 siti-

411 2062 689 2131 bundns.

580 2192 668 2256 Et
722 2189 925 2255 frater
980 2187 1209 2273 Felix,
1260 2197 1468 2254 motor
1525 2187 1808 2252 emnium
1851 2188 2107 2253 illorum
2123 2231 2147 2272 ,
2200 2195 2268 2252 et
2323 2187 2604 2254 famulus
2645 2207 2764 2271 per

416 2315 524 2363 me
560 2294 947 2379 conductus,
965 2292 1269 2358 Andreas
1310 2294 1592 2361 nomine.
1649 2292 1796 2357 Nes
1837 2302 1986 2358 ecto
2036 2293 2119 2359 de
2155 2293 2370 2378 galea·
2394 2296 2464 2359 in
2505 2297 2764 2358 barcam

418 2399 900 2484 descendimus,
943 2408 1010 2463 et
1052 2398 1270 2463 educti
1303 2397 1389 2463 ad
1430 2399 1588 2464 litus
1633 2396 1784 2477 (B)
1842 2397 1928 2462 de
1983 2408 2212 2466 uestra
2246 2398 2765 2483 peregrinatione

416 2507 825 2572 contulimus.
909 2504 1072 2568 Erat
1110 2513 1330 2568 autem
1372 2503 1560 2568 tarda
1593 2505 1773 2588 hora,
1795 2510 1863 2566 et
1899 2505 2001 2569 sel
2023 2509 2435 2590 occubuerat,
2468 2516 2536 2570 et
2574 2516 2767 2570 tene-

422 2614 779 2678 brescebat.
859 2608 1112 2675 Servus
1171 2628 1332 2694 ergo
1370 2619 1598 2674 noster
1665 2616 1736 2672 et
1798 2606 2056 2694 ductor,
2112 2610 2300 2675 duxit
2359 2628 2484 2676 nos
2542 2611 2645 2676 sic
2696 2613 2766 2675 in

423 2719 711 2782 tenebris
753 2714 839 2780 ad
874 2715 1107 2780 villam
1151 2716 1504 2800 quandam,
1543 2732 1715 2798 quae
1769 2713 2001 2780 dicitur
2040 2714 2341 2800 Ornyca,
2393 2715 2647 2779 distans
2704 2717 2763 2780 1.

424 2814 674 2886 miliare
708 2839 751 2883 a
791 2822 952 2884 mari
989 2841 1010 2905 3
1052 2829 1120 2885 et
1160 2822 1251 2885 ibi
1294 2821 1579 2885 excitate
1624 2819 1902 2902 quedam
1942 2820 2208 2885 homino
2247 2820 2489 2885 rustice
2508 2834 2536 2904 ,·
2572 2837 2766 2902 quem

426 2934 701 2992 noverat
743 2922 974 2989 ductor
1011 2933 1252 2989 noster.
1295 2924 1571 2989 Protulit
1598 2932 1816 2988 autem
1849 2927 2135 2991 rusticus
2167 2944 2404 3011 panem
2438 2934 2505 2989 et
2540 2926 2767 2989 vinum

429 3041 497 3095 et
538 3049 801 3094 caseum
843 3037 912 3092 et
973 3028 1509 3094 manducavimus
1568 3039 1637 3094 et
1676 3030 1974 3094 bibimus.
2059 3029 2511 3097 Conduximus
2573 3032 2769 3096 etiam

425 3137 498 3201 in
533 3136 692 3200 villa
733 3141 881 3198 octo
901 3132 1132 3215 mulas,
1171 3149 1372 3216 super
1411 3152 1578 3219 quas
1618 3134 1930 3219 sedimus,
1975 3144 2043 3200 et
2078 3154 2227 3200 cum
2261 3135 2468 3218 jubilo
2495 3154 2769 3220 proces-

426 3239 654 3307 simus.
730 3240 993 3302 Interea
1034 3236 1188 3299 luna
1229 3247 1461 3302 exorta
1500 3249 1639 3324 est,
1683 3249 1751 3304 et
1789 3257 1915 3305 sua
1952 3240 2104 3305 luce
2143 3241 2438 3326 expulsis
2481 3243 2768 3307 tenebris

429 3362 553 3411 uos
621 3341 1030 3408 laetificavit:
1110 3350 1294 3404 erant
1355 3344 1527 3411 enim
1594 3343 1790 3409 electi
1862 3344 2044 3409 vm.
2113 3347 2310 3430 sccii,
2389 3355 2459 3410 et
2513 3356 2769 3432 tempus

428 3449 804 3533 pulchrum,
857 3455 927 3511 et
965 3445 1306 3529 provincia
1353 3448 1626 3534 nobilis,
1667 3458 1735 3514 et
1774 3451 1889 3515 via
1924 3450 2127 3533 bona,
2169 3459 2239 3515 et
2279 3469 2428 3517 cum
2461 3451 2589 3519 hec
2627 3453 2772 3518 vir-

427 3553 612 3639 gulta
650 3553 826 3618 illius
892 3560 1104 3617 terrae
1156 3553 1617 3619 suavissimum
1660 3554 2323 3641 spirabant‘ederem,
2364 3559 2523 3641 quia
2560 3575 2771 3641 paene

429 3676 657 3724 omnes
700 3660 942 3724 herbae
980 3658 1154 3723 illius
1195 3658 1450 3725 insulae
1510 3670 1667 3725 sunt
1723 3661 2111 3726 aromaticae
2169 3659 2574 3727 diversarum
2610 3680 2772 3747 spe-

428 3764 690 3849 cierum,
711 3772 779 3827 et
816 3764 1167 3848 praecipue
1200 3765 1503 3831 noctibus
1534 3744 1766 3833 melius
1808 3766 2080 3851 spirant,
2121 3783 2271 3831 cum
2310 3785 2457 3831 rere
2507 3766 2771 3830 mades-

427 3877 607 3932 cunt.
709 3865 1248 3935 continuavimus
1316 3879 1534 3936 autem
1601 3871 1726 3935 iter
1791 3881 2085 3936 nostrum
2147 3887 2359 3956 usque
2414 3869 2499 3934 ad
2562 3878 2770 3934 ortum

424 3970 748 4055 Luciferi,
807 3973 922 4056 qui
981 3972 1185 4036 solem
1262 3973 1620 4056 antecedit,
1687 3983 1754 4036 et
1796 3976 1866 4038 iu
1923 3975 2147 4039 villam
2202 3974 2538 4057 venimus,
2599 3989 2771 4055 quae

426 4073 659 4140 dicitur
697 4075 856 4142 villa
899 4076 971 4140 S.
998 4076 1256 4161 Crucis,
1299 4079 1517 4165 ibique
1562 4077 1781 4162 ligatis
1822 4077 2056 4161 bestiis
2096 4088 2163 4141 et
2206 4094 2488 4142 accense
2529 4077 2771 4141 lumine

424 4180 587 4247 socii
627 4181 754 4246 mei
791 4180 1118 4246 biberunt:
1163 4200 1290 4266 ego
1329 4204 1490 4249 vero
1533 4182 1668 4247 dixi
1711 4183 2092 4265 matutinas,
2138 4189 2205 4247 et
2244 4181 2556 4268 abstinui,
2616 4183 2772 4268 quia

423 4286 493 4351 in
545 4294 764 4353 monte
828 4295 1057 4352 sancte
1120 4285 1449 4351 celebrare
1502 4288 1779 4351 Missam
1841 4286 2174 4371 proposui.
2278 4285 2772 4355 Reclinavimus
