3242 5259
1418 386 1543 454 105

286 575 570 661 amplius
600 573 830 638 venire
869 588 1001 636 nou
1038 567 1302 636 audent.
1351 569 1602 635 Contra
1637 568 1813 633 illam
1857 571 2137 635 insulam
2170 570 2636 655 processimus,

286 701 435 747 eam
475 688 721 764 tamen,
748 676 901 743 dnm
930 693 1133 759 prope
1168 693 1487 760 essemus,
1527 674 1611 739 ad
1640 675 1974 740 sinistram
2012 675 2416 743 dimIsimus.-
2436 676 2636 743 Porro

290 788 445 852 dum
472 785 611 870 jam
652 802 787 848 nox
827 782 1361 866 essen-cessavit
1399 788 1627 846 noster
1655 784 1863 847 bonus
1896 789 2138 849 ventus
2180 790 2251 848 et
2288 783 2404 847 illa
2440 789 2640 848 nocte

288 910 518 979 parum
562 888 841 954 fecimus
881 886 967 951 de
986 887 1139 957 via.

434 992 715 1075 Quinta
757 991 1008 1057 decima
1051 991 1178 1076 die,
1219 1009 1390 1075 quae
1448 991 1573 1057 fuit
1614 991 1937 1059 dominica
1974 995 2038 1063 3.
2079 1000 2235 1081 post
2274 994 2638 1079 Trinitatis,

295 1110 366 1168 et
406 1102 648 1167 festum
669 1096 1223 1164 SanctorumViti
1255 1104 1327 1161 et
1355 1095 1666 1182 Modesti,
1688 1097 1866 1165 idum
1908 1103 2228 1188 aspiraret
2269 1099 2369 1166 sol
2387 1128 2426 1184 ‚·
2451 1100 2642 1165 ince-

292 1213 532 1295 perunt
584 1203 833 1290 galeoii
888 1205 1087 1268 remis
1142 1201 1396 1286 galeam
1449 1203 1747 1289 trahere,
1805 1208 1963 1291 quia
2019 1208 2207 1272 venti
2265 1225 2397 1271 non
2453 1213 2638 1270 erant

293 1321 526 1379 contra
563 1317 823 1396 portum
863 1307 1005 1393 (Β)
1047 1310 1230 1372 urbis
1286 1307 1599 1373 Metonae
1611 1353 1637 1392 ,
1676 1327 1720 1373 a
1769 1330 1900 1396 qno
1939 1331 2070 1377 non
2109 1313 2242 1377 nisi
2281 1331 2402 1397 per
2439 1328 2640 1375 unum

294 1406 551 1483 miliare
622 1415 1008 1479 almanicum
1066 1430 1360 1498 eramus,
1438 1419 1509 1476 et
1569 1431 1717 1477 cum
1760 1419 2018 1501 magnis
2069 1417 2398 1483 laboribus
2464 1417 2642 1481 circa

293 1526 549 1590 boram·
578 1521 759 1586 VIII.
819 1527 976 1583 ante
1027 1517 1359 1582 meridiem
1402 1520 1471 1579 in
1522 1526 1716 1601 portu
1772 1539 2049 1588 eramus.
2135 1521 2379 1587 Statim
2419 1529 2640 1586 antem

296 1632 368 1692 in
412 1627 721 1712 scapham
767 1621 1257 1707 descendImus,
1300 1628 1372 1685 et
1419 1625 1488 1684 in
1529 1624 1868 1689 civitatem
1911 1631 2404 1713 navigavimus,
2461 1634 2531 1691 et
2570 1626 2640 1690 in

297 1753 382 1797 ea
440 1731 823 1817 peregrinos
917 1726 1159 1792 domini
1244 1725 1604 1812 Augustini
1686 1731 2074 1798 invenimus.
2173 1733 2351 1798 Duxi
2421 1739 2642 1797 autem

298 1839 615 1903 nominos
651 1851 832 1899 meos
854 1841 924 1897 et
966 1832 1131 1898 alios
1173 1836 1557 1918 peregrinos
1596 1834 1683 1900 ad
1725 1838 2071 1903 ecelesiam
2115 1838 2387 1903 fratrum
2431 1837 2642 1907 Prae-

298 1944 658 2009 dicatomm
702 1945 772 2003 et
813 1939 904 2001 ibi
940 1941 1210 2002 missam
1269 1938 1643 2006 andivimus
1686 1940 2155 2012 dominicalem.
2240 1943 2430 2008 Prior
2475 1960 2638 2013 vero

299 2049 430 2113 loci
472 2053 543 2111 et
582 2044 694 2110 alii
736 2044 971 2108 fratres
1014 2044 1262 2127 optime
1300 2064 1407 2109 me
1446 2055 1803 2135 noverunt,
1869 2069 1954 2114 ex
1994 2051 2203 2134 prima
2257 2050 2641 2136 peregrina-

303 2155 506 2218 tione.
590 2151 792 2216 Porro
843 2149 1032 2213 finita
1092 2151 1296 2213 missa
1346 2151 1631 2236 ingressi
1690 2172 1919 2219 sumus
1977 2153 2233 2220 domum
2287 2155 2643 2238 furnorum,

300 2259 415 2324 ubi
457 2258 839 2343 paximates
876 2253 987 2319 vel
1040 2255 1386 2337 paximaoii
1440 2266 1807 2341 coquuntur
1859 2279 1977 2344 pro
2030 2260 2531 2343 navigantibus,
2573 2257 2642 2319 in

303 2382 436 2449 qua
478 2363 670 2427 domo
726 2360 981 2425 habitet
1047 2358 1308 2443 quidam
1368 2361 1789 2428 theutonicus
1840 2382 2068 2447 senex,
2110 2372 2181 2429 et
2224 2365 2315 2427 ibi
2371 2360 2643 2448 prandio

301 2476 527 2555 parato
569 2470 785 2532 cibum
843 2467 1264 2549 sumpsimus.
1349 2463 1615 2531 Caeteri
1657 2487 1818 2534 vero
1875 2470 2203 2554 peregrini
2256 2468 2340 2532 ad
2385 2467 2643 2533 domum

302 2574 703 2639 dominorum
743 2570 1264 2635 theutonicorum
1305 2574 1708 2636 transierunt
1716 2604 1742 2656 ,-
1786 2581 1857 2638 et
1902 2575 1990 2638 ibi
2032 2574 2159 2638 sibi
2202 2574 2643 2657 provisionem

306 2679 621 2744 fecerunt.
730 2675 895 2742 Post
949 2675 1289 2760 prandium
1369 2680 1629 2742 moenia
1697 2680 1993 2743 civitatis
2061 2678 2506 2760 ascendimus,
2578 2684 2647 2739 et

306 2802 507 2867 super
570 2801 653 2846 ea
710 2783 1162 2865 circuivimus,
1240 2787 1312 2844 et
1376 2784 1446 2847 in
1499 2783 1972 2868 expugnabiles
2046 2782 2190 2866 ejus
2249 2783 2646 2846 munitiones

307 2888 526 2953 mirati
598 2905 842 2952 sumus.
938 2887 1092 2952 Non
1160 2887 1331 2950 enim
1398 2895 1504 2951 est
1558 2887 1808 2973 insula,
1871 2886 1991 2953 sed
2061 2896 2237 2952 terra
2276 2888 2642 2966 continens,

308 2994 659 3057 Turcorum
701 2999 917 3055 terrae
946 2993 1276 3076 continua,
1319 2991 1400 3055 de
1429 3012 1560 3076 qua
1576 2993 1835 3078 plenius
1878 2993 2087 3057 dicam
2133 2995 2200 3056 in
2250 2991 2643 3056 reversione.

308 3099 508 3163 Porro
571 3096 764 3182 galea
824 3096 1065 3162 domini
1148 3096 1506 3182 Augustini
1564 3100 1765 3162 etiam
1829 3108 1975 3163 erat
2038 3101 2107 3162 in
2170 3104 2363 3183 portu
2415 3095 2530 3160 illo
2576 3102 2646 3158 et

308 3221 534 3269 omnes
577 3203 904 3288 peregrini
945 3204 1050 3266 sui
1092 3202 1162 3265 in
1196 3202 1504 3288 civitate,
1548 3209 1618 3266 et
1667 3204 2010 3269 habuimus
2067 3202 2259 3268 simul
2296 3200 2645 3285 jocundam

311 3316 381 3372 et
433 3312 669 3374 bonam
733 3309 1116 3372 societatem
1134 3352 1156 3392 ‚
1216 3305 1393 3393 quod
1452 3313 1673 3371 tamen
1721 3309 2016 3392 patronis
2070 3307 2432 3392 displicuit,
2492 3308 2648 3392 quia

308 3416 661 3498 putabant,
703 3412 877 3498 qnod
919 3413 1096 3478 sicut
1135 3414 1264 3497 ipsi
1311 3412 1702 3478 discordiam
1743 3421 1815 3478 et
1856 3415 2233 3479 inimicitias
2275 3412 2642 3477 adinvicem

306 3521 672 3603 habebant,
714 3519 889 3603 quod
932 3526 1002 3584 et
1041 3536 1165 3584 nos
1202 3514 1430 3582 eodem
1473 3535 1730 3585 veneno
1776 3520 2159 3584 deberemus
2194 3535 2345 3582 esse
2386 3518 2642 3600 infecti,

313 3631 383 3688 et
420 3642 463 3686 a
503 3631 729 3688 mutua
764 3625 1265 3688 conversatione
1306 3621 1569 3705 fugae:
1609 3621 1731 3686 sed
1763 3643 1891 3688 non
1928 3626 2324 3708 curavimus,
2346 3630 2415 3685 et
2453 3620 2646 3687 simul

310 3727 710 3793 comedimus
751 3741 820 3793 et
863 3730 1173 3792 bibimus:
1237 3744 1483 3809 eosque
1522 3728 1591 3788 in
1647 3735 1936 3792 nostram
1980 3727 2235 3812 galeam
2276 3725 2648 3809 videndam,

313 3841 381 3896 et
422 3834 551 3916 ipsi
604 3851 726 3898 nos
788 3835 857 3897 in
910 3851 1128 3916 snam,
1182 3828 1553 3911 induximus
1574 3874 1594 3909 ,
1648 3837 1716 3892 et
1794 3835 1890 3895 ita
1947 3832 2140 3896 simul
2211 3829 2382 3895 dlem
2437 3848 2651 3915 usque

313 3936 398 4001 ad
459 3955 778 4022 vesperas
853 3937 1236 4002 deduximus
1253 3981 1273 4019 ,
1351 3952 1497 3998 cum
1547 3933 1805 4000 laetitia
1874 3935 2240 4021 gaudentes
2253 3982 2274 4021 ‚
2346 3934 2521 4021 qnod
2579 3937 2649 3998 in

314 4040 527 4106 medio
568 4044 721 4106 viae
778 4045 975 4107 maris
1024 4042 1466 4108 convenimus.
1552 4038 1729 4104 Nam
1786 4040 2062 4105 Metona
2120 4044 2358 4105 civitas
2412 4041 2654 4105 dicitur

312 4162 465 4209 eme
499 4148 570 4209 in
612 4147 825 4212 media
864 4148 977 4211 vla
1017 4166 1057 4211 a
1092 4147 1401 4213 Venetiis
1441 4162 1657 4230 usque
1690 4144 1776 4209 ad
1797 4145 2186 4212 Jerusalem.
2227 4145 2429 4211 Porro
2473 4146 2654 4209 circa

313 4266 628 4334 vesperas
666 4254 857 4315 ambo
889 4251 1148 4335 patroni
1185 4254 1611 4314 insonuerunt
1650 4251 1945 4315 buccinis
1981 4254 2303 4314 vocantes
2345 4251 2649 4333 peregri-

314 4372 438 4420 nos
477 4356 547 4419 in
587 4354 833 4439 galeas.
920 4354 1129 4438 Signo
1170 4373 1328 4439 ergo
1370 4355 1591 4419 audito
1657 4370 1883 4419 omnes
1925 4354 1995 4418 in
2035 4353 2263 4438 galeas
2321 4354 2650 4417 remeavi-

316 4474 484 4524 mus.
565 4459 812 4526 Eodem
855 4474 1006 4524 sero
1059 4458 1465 4543 Augustinus
1523 4477 1673 4529 cnm
1715 4460 1860 4523 suis
1915 4459 2281 4543 peregrini·
2337 4458 2651 4538 recessit;
