3242 5259
208 538 690 605 transcendere
711 547 1014 623 mentem,
1057 538 1250 622 quem
1275 539 1607 604 nominant
1628 536 1971 624 Sericium,
2003 556 2169 624 quos
2212 544 2460 627 rogavi
2481 553 2554 609 nt

206 664 424 730 usque
463 649 534 711 in
576 648 929 710 crastinum
974 652 1342 728 manerent,
1370 652 1446 707 ut
1499 642 1694 707 simul
1736 644 2300 726 proficisceremur
2339 666 2554 733 usqne

204 753 494 818 Ulmam:
572 771 748 817 eram
817 752 988 815 enim
1052 748 1303 832 lassus,
1368 766 1495 812 nec
1532 749 1645 813 illo
1688 748 1796 817 die
1853 750 2155 816 volebam
2225 753 2549 818 resederet

206 859 346 942 Ipsi
382 877 542 921 vero
587 857 902 942 rogabant
941 850 1068 940 ine,
1110 864 1185 918 ut
1227 872 1377 918 cum
1418 855 1519 918 eis
1556 856 1932 940 equitarem,
1965 856 2139 940 quod
2179 858 2388 922 nolui:
2432 859 2551 923 sed

208 963 384 1047 apud
419 980 536 1027 eos
559 963 765 1026 institi
788 970 1113 1045 quatenus
1141 959 1375 1023 intuitu
1407 960 1744 1024 societatis
1776 970 2059 1045 nostrae,
2088 971 2154 1025 et
2179 971 2552 1029 contractae

209 1069 534 1133 amicitiae
575 1076 932 1150 manerent,
975 1067 1070 1130 illi
1110 1075 1326 1128 autem
1374 1064 1700 1149 nolebant,
1737 1065 2062 1130 dicentes:
2104 1085 2184 1132 ae
2220 1067 2554 1131 audivisse

209 1172 327 1255 pro
369 1183 583 1256 certo,
639 1173 810 1256 quod
855 1172 965 1236 illo
1021 1171 1235 1236 adhuc
1291 1169 1399 1235 die
1440 1188 1719 1254 magnus
1775 1173 2101 1235 exereitus
2162 1182 2551 1237 armatorum

204 1279 495 1362 equitum
539 1278 623 1341 de
663 1281 843 1340 σαι-ιιι
881 1277 1092 1340 Ducis
1131 1276 1441 1339 Austriae
1481 1276 1550 1339 in
1592 1275 1773 1340 illam
1823 1276 2046 1341 villam
2091 1285 2158 1339 et
2197 1277 2546 1360 hospitium

206 1393 391 1447 esset
456 1393 805 1465 venturus,
863 1392 929 1447 et
971 1382 1121 1447 illos
1175 1381 1422 1445 vellent
1480 1381 1748 1464 fugere,
1807 1383 1961 1466 quia
2021 1381 2392 1446 insecurum
2451 1390 2554 1446 est

203 1506 355 1551 cum
419 1490 684 1551 armatis
735 1490 989 1552 morari.
1073 1487 1160 1550 Et
1211 1487 1304 1549 ita
1345 1486 1539 1551 divisi
1588 1485 1833 1550 fuimus
1888 1486 1972 1550 ad
2023 1488 2336 1551 invicemz
2397 1488 2555 1571 quia

202 1593 334 1675 ipsi
376 1603 787 1655 recesserunt
822 1600 890 1655 et
932 1610 1058 1675 ego
1101 1592 1329 1655 mansi.
1412 1591 1714 1674 Vespere
1749 1600 1965 1654 autem
2009 1591 2184 1655 facto
2225 1598 2549 1656 venerunt

203 1696 389 1760 multi
431 1698 735 1781 armigeri
799 1697 883 1760 ad
926 1696 1276 1780 hospitium
1332 1696 1585 1760 nobiles
1628 1714 1776 1761 cum
1836 1697 2133 1781 famulis,
2189 1715 2357 1780 quos
2397 1696 2552 1759 Dux

198 1802 513 1866 Austriae
554 1803 905 1867 destinavit
950 1821 1066 1885 pro
1104 1802 1503 1865 -defensione
1542 1804 1741 1865 castri
1784 1802 2070 1887 Kregen,
2114 1801 2286 1886 quod
2330 1819 2552 1866 comes

200 1908 620 1972 Eberhardus
717 1905 803 1970 de
875 1907 1306 1990 Wirtenberg
1378 1910 1597 1970 senior
1680 1907 2026 1972 obsederat
2111 1916 2178 1970 et
2255 1915 2554 1971 evertere

200 2015 578 2083 conabatur.
641 2013 727 2076 Et
773 2012 893 2075 fuit
930 2012 1279 2095 hospitium
1320 2011 1582 2095 plenum
1629 2012 1954 2077 ferocibus
1997 2014 2357 2095 armigeris.
2422 2009 2550 2090 Qui

200 2117 541 2181 audientes
580 2135 685 2180 me
725 2117 809 2181 de
848 2126 1025 2180 terra
1072 2127 1302 2181 sancta
1343 2122 1610 2183 venisse
1649 2119 2132 2182 venerabantur
2187 2125 2262 2180 ut
2316 2134 2548 2181 saeer-

201 2206 420 2285 dotem
465 2231 529 2285 et
573 2223 984 2306 religiosum,
1048 2231 1114 2285 et
1156 2230 1231 2286 ut
1270 2232 1483 2286 terrae
1526 2234 1797 2288 sanctae
1838 2235 1910 2287 et
1971 2225 2182 2288 saneti
2225 2223 2550 2306 sepulchri

202 2327 505 2411 militem,
556 2338 621 2392 et
677 2330 995 2412 rogabant
1048 2347 1185 2411 me,
1250 2337 1321 2391 ut
1369 2346 1561 2391 mane
1616 2330 1716 2392 eis
1778 2329 2054 2392 Missam
2118 2326 2440 2411 legerem,
2482 2335 2550 2389 et

201 2451 354 2497 cum
395 2435 495 2496 eis
540 2432 929 2498 recederem.
1017 2431 1164 2516 (B)
1203 2433 1405 2497 Mane
1457 2433 1631 2497 sacto
1671 2434 1950 2498 Missam
1992 2431 2358 2517 celebravi,
2401 2450 2551 2495 cum

202 2540 301 2600 eis
343 2537 763 2621 gentaculum
801 2540 1083 2623 sumpsi,
1145 2546 1215 2601 et
1254 2556 1522 2602 recessu
1585 2537 1925 2602 solverunt
1965 2555 2085 2620 pro
2147 2555 2286 2621 me,
2349 2547 2415 2600 et
2471 2539 2540 2599 in

203 2641 352 2705 med
362 2644 426 2704 io
470 2642 795 2704 exercitus
835 2661 941 2704 me
993 2660 1218 2707 secum
1285 2642 1607 2707 ducebant
1667 2661 1814 2707 cum
1876 2640 2114 2724 gaudio
2177 2650 2245 2703 et
2286 2640 2542 2704 solatio.

204 2746 512 2830 Cumque
552 2747 963 2811 venissemus
1001 2751 1069 2811 in
1100 2747 1567 2832 Campidonam
1610 2747 1823 2829 reperi
1863 2747 1932 2808 in
1963 2744 2242 2827 hospitio
2274 2761 2553 2807 coronae

200 2851 535 2935 praefatos
599 2861 873 2935 quatuor
933 2851 1253 2936 Aug-lices
1319 2856 1701 2938 peregrines
1743 2851 2143 2934 vulneratos,
2195 2866 2550 2932 percussos

200 2965 269 3019 et
325 2958 619 3021 omnibus
681 2956 879 3019 rebus
940 2957 1082 3020 suis
1140 2957 1490 3043 spoliatae,
1550 2960 1824 3022 miseres
1886 2963 1954 3018 et
2006 2955 2414 3019 tristissimos
2470 2971 2552 3018 ac

202 3062 535 3126 confusos.
623 3063 701 3125 In
763 3059 939 3123 silva
995 3064 1167 3127 enim
1226 3083 1431 3147 prope
1483 3063 1951 3147 campidonam
2005 3061 2289 3124 latrones
2351 3076 2550 3142 super

202 3184 321 3229 eos
360 3167 716 3249 irruerant,
761 3176 830 3230 et
891 3184 1038 3229 cum
1102 3167 1340 3250 gladiis
1382 3188 1499 3234 eos
1543 3171 1628 3235 de
1664 3169 1850 3253 equis
1888 3166 2029 3230 suis
2071 3163 2439 3251 ejecerant,
2479 3172 2549 3227 et

200 3289 350 3335 cum
407 3273 542 3335 vim
608 3273 680 3335 vi
738 3272 1057 3356 repellere
1129 3284 1519 3339 conarentur
1593 3284 1661 3337 et
1721 3291 1799 3336 se
1857 3268 2210 3335 defendere
2270 3264 2538 3353 vellent,

195 3376 437 3459 gladiis
464 3394 588 3441 eos
634 3376 1166 3462 vulneraverunt,
1197 3378 1582 3464 ligaverunt,
1605 3386 2065 3460 traxeruntque
2093 3375 2178 3439 ad
2221 3374 2551 3439 initeriora

196 3483 482 3546 nemoris
531 3500 571 3544 a
615 3490 822 3544 strata
860 3482 1122 3564 publica
1158 3484 1225 3546 in
1268 3484 1589 3569 quandam
1629 3483 2023 3567 crepidinem
2065 3481 2440 3563 solitariam,
2483 3487 2550 3542 et

194 3587 285 3649 ibi
331 3605 448 3651 ees
504 3604 654 3650 cum
700 3586 926 3651 multis
992 3588 1245 3672 injuriis
1307 3590 1786 3673 spoliaverunt,
1845 3597 1910 3651 et
1965 3585 2267 3649 sacculos
2326 3580 2546 3650 eorum

197 3700 695 3775 scrutaverunt,
739 3700 805 3754 et
849 3692 1085 3756 bursas
1127 3712 1208 3757 ac
1250 3711 1443 3777 peras
1477 3714 1700 3759 eorum
1739 3698 2262 3772 evacuaverant,
2305 3706 2550 3773 eosque

198 3796 486 3861 totaliter
526 3795 960 3881 nudaverunt,
1008 3799 1264 3862 curiose
1307 3810 1698 3881 quaerentes
1737 3802 1804 3864 in
1845 3798 2259 3864 vestimentis
2303 3812 2546 3878 eorum,

196 3901 258 3963 si
304 3900 471 3966 forte
521 3902 837 3985 pecunias
876 3903 1129 3967 insutas
1170 3902 1501 3974 haberent.
1585 3905 1874 3970 Tandem
1920 3912 2136 3966 autem
2179 3901 2278 3964 eis
2314 3876 2548 3964 viliora

199 4007 594 4069 vestimenta
668 4008 1123 4093 restituentes,
1177 4008 1400 4096 jurare
1459 4029 1576 4074 eos
1640 4017 2024 4093 coegerunt,
2086 4014 2158 4068 ut
2209 4004 2278 4068 in
2332 4002 2544 4067 triduo

197 4109 357 4171 nulli
400 4109 710 4192 dicerent,
761 4112 916 4195 quid
942 4113 1040 4177 eis
1080 4114 1447 4179 accidisset.
1491 4113 1930 4179 contristatus
1964 4122 2179 4176 autem
2225 4110 2318 4173 fui
2352 4110 2550 4190 super

199 4212 436 4276 fratres
478 4232 662 4278 meos
719 4215 951 4300 valde,
1013 4218 1134 4282 sed
1191 4220 1347 4284 mihi
1400 4221 1531 4304 ipsi
1583 4216 2115 4303 congratulabar,
2182 4212 2353 4297 quod
2417 4229 2547 4276 non

197 4336 346 4381 cum
389 4319 487 4382 eis
519 4321 749 4404 mansi,
778 4324 932 4406 quia
970 4326 1212 4406 pariter
1252 4343 1401 4389 cum
1433 4326 1530 4389 eis
1562 4327 1632 4389 in
1661 4342 1893 4389 manus
1922 4324 2175 4388 illorum
2215 4322 2546 4397 raptorum

197 4421 589 4489 incidissem.
673 4426 750 4489 In
797 4427 1147 4494 crastinum
1194 4446 1341 4493 cum
1386 4428 1516 4493 illis
1567 4430 1905 4514 armigeris
1963 4429 2030 4492 in
2093 4416 2546 4496 memmingen
