3242 5259
1441 282 1574 349 859

383 464 508 542 De
550 462 758 559 loeo,
805 462 879 537 in
927 484 1070 562 quo
1120 459 1466 540 Christus
1515 462 1854 539 flenfibus
1914 461 2336 541 mulieribus
2381 461 2615 541 dixit:

1111 583 1308 659 filiae
1353 583 1774 661 Jerusalem
1823 593 1969 693 etc.

501 764 961 829 Ulteriuscum
993 764 1550 847 processissemus
1591 784 1709 847 per
1744 765 1921 828 viam
1953 762 2218 827 Domini
2249 760 2675 844 durissimam,

332 880 406 936 et
446 873 571 936 iter
607 869 1179 937 laboriosissimum
1198 914 1219 952 ,
1263 867 1437 953 quod
1478 885 1677 932 cruce
1719 885 1964 951 passus
2004 867 2331 950 transivit,
2371 868 2677 931 venimus

336 974 424 1041 ad
486 976 697 1041 locum
714 1020 736 1057 ,
794 974 906 1038 ubi
947 973 1266 1039 Dominus
1327 990 1590 1038 crucem
1650 971 1948 1056 bajulans
1997 973 2269 1038 audiens
2332 980 2399 1034 et
2439 970 2675 1035 videns

334 1080 808 1145 lamentabilem
846 1072 1162 1143 ululatum
1224 1078 1561 1142 mulierum
1624 1079 2037 1162 sequentium
2091 1096 2172 1142 se
2213 1077 2673 1161 praetermissa

332 1185 610 1250 furentis
651 1182 871 1268 populi
910 1185 1099 1248 turba
1165 1183 1249 1246 ad
1291 1193 1583 1247 amantes
1638 1192 1705 1246 et
1765 1184 2155 1268 plangentes
2220 1201 2298 1245 se
2340 1181 2663 1244 foeminas

331 1290 558 1357 oculos
599 1298 667 1352 et
720 1307 836 1353 ora
873 1290 1229 1370 convertit,
1274 1286 1535 1352 dicens:
1616 1287 1791 1351 filiae
1830 1287 2232 1371 Jerusalem,
2275 1287 2474 1352 nolite
2516 1287 2674 1350 flere

334 1412 535 1478 super
577 1412 683 1457 me
719 1401 870 1475 etc.‚
912 1402 983 1456 ut
1026 1393 1299 1457 habetur
1337 1392 1502 1462 Luc.
1542 1393 1647 1457 23.
1735 1393 1810 1455 Iu
1851 1393 1976 1457 hoc
2012 1392 2154 1456 loco
2197 1408 2387 1455 sacro
2424 1393 2494 1454 in
2535 1401 2673 1455 ter-

333 1517 471 1562 ram
511 1498 817 1581 prostrati
869 1496 1261 1581 singultibus
1303 1506 1368 1560 et
1410 1498 1671 1561 fletibus
1728 1499 2006 1582 vestigia
2055 1495 2419 1560 Salvatoris
2464 1495 2670 1560 nostri

337 1601 697 1666 deosculati
755 1620 1020 1686 sumus,
1086 1608 1155 1664 et
1196 1601 1637 1687 indulgentias
1697 1605 2063 1686 recepimus
2105 1600 2246 1684 st).
2334 1603 2434 1666 lbi
2473 1603 2670 1667 etiam

332 1706 656 1793 quondam
715 1708 898 1772 stetit
962 1706 1280 1792 ecclesia,
1342 1707 1531 1791 cujus
1599 1716 1816 1772 tamen
1876 1723 2050 1770 nunc
2115 1706 2296 1770 nulla
2349 1715 2666 1791 apparent

221 1836 226 1839 ’
335 1812 638 1895 vestigia.

332 2057 452 2132 De
497 2056 687 2151 loco,
739 2055 817 2131 in
870 2084 1011 2160 quo
1051 2060 1271 2138 beata
1296 2060 1537 2165 Virgo
1583 2062 1975 2163 perterrita
2022 2084 2261 2164 paene
2310 2061 2669 2139 exanimis

1347 2183 1637 2259 effecta.

495 2361 937 2425 Transeuntes
978 2378 1270 2447 consequ
1280 2370 1468 2426 enter
1526 2382 1649 2446 per
1687 2371 1981 2428 sanctam
2040 2370 2111 2424 et
2150 2359 2428 2424 flebilem
2468 2359 2663 2442 viam,

331 2484 459 2531 non
494 2468 743 2550 absque
777 2467 1061 2552 copiosis
1103 2468 1412 2552 lacrymis
1433 2467 1812 2532 devotorum
1832 2467 2310 2551 peregrinorum
2343 2463 2427 2527 ad
2453 2464 2662 2528 locum

325 2572 660 2656 venimus,
719 2574 828 2637 ubi
869 2570 951 2635 ad
1014 2572 1309 2637 dextram
1346 2572 1495 2636 viae
1535 2582 1786 2656 partem
1849 2581 1952 2636 est
1993 2569 2266 2635 altitudo
2328 2567 2663 2652 quaedam,

330 2677 400 2741 in
445 2696 573 2760 qua
615 2678 796 2741 stetit
833 2679 1268 2744 moestissima
1328 2677 1516 2773 virgo
1571 2677 1785 2740 Maria
1839 2686 1972 2742 toto
2031 2693 2250 2757 mane,
2307 2690 2436 2758 quo
2490 2673 2663 2737 filius

327 2798 491 2845 suus
530 2784 598 2845 in
639 2784 958 2865 praetorio
999 2780 1170 2865 apud
1202 2780 1488 2865 judicem
1534 2781 1676 2865 fuit,
1708 2791 1779 2845 ut
1821 2780 2091 2864 videret,
2125 2799 2254 2865 quo
2299 2778 2662 2862 duceretur,

327 2895 395 2951 et
436 2886 626 2971 sequi
664 2895 908 2970 posset.
955 2884 1121 2949 Cum
1158 2895 1373 2951 autem
1413 2886 1691 2951 vidisset
1728 2887 1929 2950 filium
1955 2888 2124 2949 inter
2167 2883 2332 2947 duos
2370 2884 2656 2947 latrones

325 2991 778 3075 procedentem
853 3008 998 3055 cum
1065 2991 1459 3075 gravissima
1530 3009 1760 3075 cruce,
1825 3009 2124 3056 coronam
2181 2992 2475 3073 spineam
2538 2990 2663 3054 ha-

328 3096 583 3159 bentem
642 3097 709 3159 in
766 3097 1015 3181 capite,
1074 3105 1140 3160 et
1196 3096 1448 3162 vultum
1527 3098 1881 3161 livorosum
1935 3096 2256 3180 sanguine
2326 3105 2392 3160 et
2445 3098 2660 3180 sputis

323 3200 848 3286 dehonestatum,
927 3202 1135 3266 turbis
1196 3210 1586 3266 armatorum
1663 3202 2163 3287 circumseptum
2179 3247 2199 3285 ,
2242 3221 2394 3266 mox
2437 3210 2662 3266 exter-

327 3306 451 3368 rita
492 3307 754 3390 corruit,
827 3316 894 3371 et
943 3307 1419 3391 syncopizavit.
1503 3308 1580 3370 In
1621 3308 1749 3372 hoc
1794 3308 1938 3373 loco
1977 3307 2307 3391 geminato
2371 3326 2662 3371 moerore

331 3411 689 3491 perturbati
760 3412 1099 3495 stetimus,
1173 3421 1239 3474 et
1277 3419 1429 3495 post
1491 3413 1817 3475 orationes
1880 3420 2232 3475 consuetas
2295 3412 2361 3473 in
2427 3421 2661 3476 terram

326 3516 630 3596 prostrati
688 3513 898 3579 locum
957 3524 1023 3578 et
1064 3516 1328 3581 humum
1372 3526 1666 3579 sanmam
1722 3515 2085 3580 deosculati
2133 3531 2394 3595 sumus3
2438 3515 2662 3580 indul-

324 3618 584 3702 gentias
645 3619 812 3704 (st)
881 3618 1113 3703 plenas
1178 3621 1269 3684 ibi
1322 3620 1686 3686 habuimus.
1789 3621 1937 3684 Hoc
1996 3619 2065 3681 in
2130 3618 2275 3681 loco
2336 3618 2660 3703 quondam

324 3723 639 3788 solemnis
679 3727 861 3789 stetit
928 3725 1243 3809 ecclesia,
1311 3744 1480 3809 quae
1520 3725 1856 3790 dicebatur
1896 3722 1980 3795 ad
2025 3731 2320 3788 sanctam
2381 3725 2659 3790 Mariam

332 3827 417 3892 de
460 3828 768 3913 spasmo,
815 3849 901 3893 ex
942 3849 1073 3915 quo
1109 3831 1199 3896 ibi
1239 3832 1758 3915 spasmatizavit.
1802 3828 1996 3891 Hanc
2035 3827 2380 3892 ecclesiam
2422 3829 2660 3894 Sarra-

328 3935 476 3996 ceni
518 3933 1019 4019 destruxerunt,
1084 3938 1529 4022 relinquentes
1585 3950 1806 3999 muros
1869 3950 1985 3995 eos
2046 3940 2257 4017 stare,
2318 3937 2430 4020 qui
2474 3948 2660 3999 erant

321 4037 529 4103 fortes
563 4038 648 4104 de
688 4040 959 4124 quadris
1005 4043 1283 4127 maguis,
1327 4052 1397 4106 ut
1432 4040 1837 4104 sarracenus
1876 4036 2006 4101 sibi
2048 4055 2244 4122 super
2285 4059 2401 4104 eos
2446 4059 2659 4106 muros

321 4141 780 4211 habitationem
824 4149 1134 4232 erigeret,
1162 4149 1316 4231 quia
1356 4149 1422 4210 in
1465 4145 1830 4211 delectabili
1874 4143 2016 4210 loco
2045 4154 2151 4208 est
2189 4153 2256 4208 et
2291 4145 2440 4210 alto.
2484 4145 2660 4229 Nam

321 4264 363 4310 a
399 4248 545 4309 loco
587 4249 933 4315 Calvariae
974 4269 1182 4336 usque
1224 4250 1322 4316 ad.
1350 4250 1606 4316 domum
1651 4249 1872 4316 divitis
1914 4250 2209 4336 epulonis
2233 4260 2338 4317 est
2376 4251 2660 4315 descen-

322 4367 464 4433 sus,
506 4362 571 4415 et
612 4373 648 4415 a
691 4353 858 4437 loco,
902 4356 1010 4419 ubi
1045 4357 1270 4421 Simon
1312 4359 1693 4441 angariatus
1734 4358 1880 4423 tulit
1923 4378 2179 4425 crucem
2222 4366 2372 4442 post
2404 4356 2659 4437 Jesum‚
