3242 5259
1426 301 1551 368 189

323 491 533 572 Quam
595 492 655 554 si
711 487 867 552 dare
941 483 1312 567 uolueritis,
1384 470 1725 548 vobiscum
1798 480 2012 546 libens
2091 488 2385 546 revertar
2461 493 2675 564 usque

322 596 660 678 venetias,
702 591 823 657 sed
865 591 1165 655 Venetiis
1207 585 1536 671 procidam
1577 585 1664 649 ad
1704 585 1909 668 pedes
1949 595 2321 650 vestrarum
2357 583 2675 649 Domina-

322 703 569 765 tionum
612 708 680 762 et.
721 711 1046 779 expensas
1090 703 1306 777 petam
1351 689 1718 754 revertendi
1760 692 1887 754 huc
1904 735 1925 775 ,
1968 708 2095 756 nec
2136 708 2423 772 unquam
2464 689 2674 772 Alpes

325 802 817 885 transcendam,
882 799 1010 863 nisi
1065 805 1347 863 montem
1389 794 1515 858 Dei
1557 794 1730 858 Oreb
1774 805 1841 859 et
1877 794 2085 879 Synai
2140 792 2528 877 ascendero,
2602 801 2677 857 et

325 910 738 993 sepulchrum
783 904 1197 969 beatissimae
1251 900 1649 964 Katharinae
1701 900 1999 983 Virginis
2071 898 2448 962 visitavere.
2525 897 2675 963 Hoc

325 1017 498 1078 enim
560 1021 714 1076 voto
758 1007 1003 1074 dudum
1064 1008 1304 1071 emisso
1347 1007 1630 1090 promisi.
1717 1003 1888 1068 Cum
1942 1013 2158 1069 autem
2224 1001 2484 1066 Domini
2512 1009 2515 1012 ’
2544 1002 2673 1065 mei

324 1119 729 1183 audivissent
790 1116 963 1179 hanc
1042 1129 1251 1175 meam
1332 1111 1789 1192 intentionem,
1870 1117 1937 1171 et
2008 1108 2252 1170 serium
2320 1106 2672 1188 vidissent,

326 1221 723 1289 deliberandi
766 1219 1046 1301 spatium
1089 1225 1514 1298 acceperunt,
1557 1226 1624 1279 et
1669 1224 1821 1298 post
1863 1214 2089 1277 boram
2130 1231 2238 1276 me
2279 1218 2672 1274 revocantes

326 1329 843 1393 licentiaverunt.
882 1323 969 1385 Et
1009 1340 1115 1404 ne,
1155 1321 1471 1403 inquiunt,
1501 1321 1765 1403 putetiS,
1796 1317 1971 1403 quod
2012 1317 2201 1380 nobis
2243 1333 2374 1379 non
2418 1314 2673 1378 fueritis
2758 1319 2773 1346 ²

328 1434 602 1498 dilectus
645 1427 1056 1513 capellanus,
1112 1424 1514 1488 ostendimus
1555 1425 1814 1507 signum
1861 1431 2127 1486 nostrae
2169 1415 2544 1483 dilectionis
2587 1416 2671 1480 ad

326 1555 451 1602 vos
506 1538 575 1599 in
631 1541 853 1596 nostra
910 1531 1356 1614 separatione,
1422 1538 1493 1592 et
1547 1529 2029 1592 contribuemus
2083 1533 2151 1588 et
2201 1524 2672 1588 subveniamus

324 1643 515 1706 vobis
558 1642 624 1702 in
661 1636 985 1719 expensis.
1061 1633 1140 1697 Si
1182 1643 1396 1696 autem
1440 1633 1598 1697 nihil
1643 1633 1883 1696 factum
1938 1631 2135 1694 suerit
2175 1627 2260 1691 de
2306 1627 2422 1691 illa
2475 1643 2672 1711 pere-

326 1745 725 1831 grinatione,
766 1740 875 1804 vel
915 1757 1039 1803 vos
1083 1739 1491 1821 poenituerit,
1538 1738 1720 1801 eritis
1762 1737 1830 1799 in
1865 1742 2089 1798 nostro
2130 1734 2461 1798 consortio
2501 1732 2674 1795 sicut

324 1853 536 1937 prius,
579 1857 647 1911 et
689 1844 1080 1909 deducemus
1123 1861 1247 1906 vos
1297 1861 1507 1926 usque
1547 1845 1614 1906 in
1659 1840 1916 1905 domum
1956 1846 2271 1901 vestram.
2330 1834 2482 1900 Hoc
2522 1853 2673 1899 eum

329 1955 729 2021 audivissem
751 1995 771 2033 ,
843 1948 1088 2033 gratias
1129 1950 1237 2032 egi
1299 1967 1448 2012 cum
1515 1947 1734 2010 debita
1787 1953 1855 2007 et
1910 1941 2235 2025 condigna
2305 1939 2674 2004 reverentia

329 2060 626 2125 Dominis
679 2055 847 2139 illis,
912 2062 978 2117 et
1031 2071 1138 2116 me
1191 2071 1308 2137 pro
1390 2053 1517 2117 hac
1577 2050 1791 2135 gratia
1853 2050 1920 2112 in
1991 2055 2371 2130 perpetuum
2451 2055 2673 2109 eorum

330 2164 709 2250 obsequium
753 2159 1045 2224 exhibui:
1104 2166 1171 2221 et
1212 2157 1797 2241 peregrinationem
1857 2151 2030 2216 hanc
2071 2152 2166 2215 ita
2206 2170 2312 2214 mo
2354 2150 2673 2214 facturun

330 2270 617 2357 promisi,
643 2284 722 2332 ac
760 2265 821 2329 si
862 2265 943 2327 ab
987 2264 1086 2326 eis
1128 2261 1211 2325 ad
1250 2261 1378 2326 hoc
1419 2268 1633 2324 motus
1674 2268 1741 2323 et
1773 2259 2017 2321 missus
2059 2255 2350 2319 fuissem.
2394 2256 2673 2317 'rantum

332 2386 549 2442 autem
590 2370 982 2437 laetificatus
1025 2367 1120 2429 sui
1162 2385 1247 2430 ex
1287 2366 1399 2429 illa
1434 2364 1715 2445 licentia,
1759 2372 2066 2447 quantum
2116 2359 2213 2424 fui
2249 2359 2479 2425 Ulmae
2520 2358 2676 2423 dum

330 2481 481 2546 data
522 2478 644 2542 fuit
685 2474 839 2537 mibi
882 2471 1143 2535 licentia
1182 2472 1279 2533 ire
1333 2470 1833 2554 Jerosolymam.
1919 2468 2069 2530 Hoc
2122 2483 2279 2547 ergo
2342 2464 2441 2526 sic
2478 2463 2674 2546 Juxta

330 2594 555 2650 votum
597 2580 834 2661 adepto
907 2575 1182 2639 transivi
1227 2594 1348 2658 per
1403 2573 1661 2659 galeam
1704 2571 1789 2637 ad
1828 2572 2068 2636 milites
2122 2570 2279 2634 mihi
2321 2575 2548 2650 notos,
2590 2582 2677 2628 an

330 2688 533 2770 aliqui
572 2686 741 2748 inter
782 2699 898 2743 eos
949 2678 1032 2742 ad
1076 2678 1385 2742 Sanctam
1425 2679 1846 2743 Katharinam
1894 2687 2119 2741 essent
2183 2670 2677 2758 peregrinaturi,

333 2803 402 2857 et
442 2789 663 2856 inveni
693 2786 978 2872 quinque
1004 2785 1248 2848 electos
1287 2784 1540 2848 nobiles
1563 2784 1821 2867 milites,
1853 2783 1965 2867 qui
2001 2784 2069 2843 in
2107 2778 2368 2843 scriniis
2393 2774 2678 2859 pectoris

333 2897 439 2962 sui
500 2897 626 2959 hoc
708 2892 1048 2975 bucusque
1110 2891 1501 2953 celaverant.
1598 2887 1760 2952 Post
1816 2884 2162 2970 prandium
2227 2877 2534 2945 descendi
2595 2875 2681 2942 de

337 2999 531 3086 gne·
566 2999 637 3062 in
676 2997 937 3060 barcam
982 3004 1049 3058 et
1077 2977 1239 3059 'duci
1280 3011 1386 3057 me
1429 2992 1557 3056 soci
1598 2993 1682 3057 aa
1722 2990 1980 3076 galeam
2028 2988 2265 3053 domini
2306 2982 2680 3067 Augustini,

338 3124 418 3171 ac
460 3106 520 3168 si
568 3102 822 3186 aliquos
866 3098 1014 3182 (¹78
1033 3100 1140 3184 A)
1184 3099 1341 3163 mihi
1382 3108 1572 3162 notos
1614 3099 1886 3161 visitare
1906 3095 2186 3163 vellem.
2250 3091 2423 3156 Dum
2466 3096 2683 3152 autem

333 3210 418 3275 ad
481 3225 597 3272 eos
648 3207 1006 3289 venissem,
1057 3214 1313 3270 secrete
1374 3203 1772 3287 investigavi
1835 3201 1918 3264 de
1979 3200 2095 3263 illa
2162 3193 2684 3282 peregrinatione

339 3314 576 3378 montis
633 3310 846 3394 Synai
909 3331 952 3376 a
991 3310 1270 3397 quodam
1321 3309 1475 3372 mihi
1536 3308 1750 3391 magis
1813 3314 1999 3387 noto,
2044 3304 2155 3387 qui
2214 3301 2469 3366 occulte
2516 3296 2684 3361 dixit

336 3418 527 3500 mihi,
591 3415 764 3500 quod
806 3416 930 3477 ΧΠ
995 3415 1323 3498 peregrini
1379 3421 1606 3477 essent
1646 3413 1717 3475 in
1762 3410 1992 3475 eadem
2058 3399 2287 3494 galea,
2348 3404 2461 3490 qui
2510 3403 2684 3466 inter

335 3540 412 3588 se
471 3521 924 3603 conjurassent
964 3518 1050 3581 ad
1090 3517 1267 3581 illam
1324 3516 1907 3600 peregrinationem
1975 3510 2453 3597 peragendam,
2513 3507 2684 3570 inter

335 3645 500 3711 quos
540 3643 711 3690 unus
752 3633 819 3687 et
857 3622 1234 3707 principalis
1298 3629 1478 3684 esset
1550 3618 1848 3682 dominus
1910 3618 2255 3681 Johannes
2311 3614 2399 3678 de
2438 3610 2682 3692 Solms,

337 3731 611 3816 Comes3
640 3727 883 3793 nollent
926 3737 1140 3791 tamen
1174 3727 1299 3790 hoc
1342 3722 1704 3808 praedicari
1744 3723 1812 3786 in
1854 3722 2135 3807 publico,
2164 3719 2286 3784 sed
2318 3719 2387 3783 in
2429 3714 2684 3782 occulto

337 3837 579 3901 baberi.
685 3834 859 3898 Nam
913 3850 1172 3915 semper
1232 3829 1328 3892 illi
1368 3828 1728 3912 peregrini,
1796 3829 1909 3913 qui
1990 3825 2334 3892 intendunt
2411 3822 2685 3887 visitare

338 3950 619 4006 montem
653 3939 882 4024 synai,
928 3936 1275 4018 occultant,
1317 3950 1508 4018 quam
1554 3932 1665 3996 diu
1702 3941 2000 4018 possunt,
2040 3929 2159 3995 illa
2202 3931 2471 4013 ratione,
2511 3936 2585 3992 ut
2623 3925 2685 3989 si

336 4045 486 4110 illos
530 4063 659 4109 non
704 4046 800 4108 ire
863 4043 1240 4126 contigerit,
1311 4055 1442 4103 non
1485 4037 1917 4102 derideantur.
2005 4037 2210 4103 Porro
2254 4051 2491 4120 magna
2531 4029 2687 4098 mihi

340 4168 499 4215 cura
561 4157 700 4213 erat
761 4149 981 4212 statim
1040 4147 1398 4231 explorare,
1442 4165 1527 4209 an
1586 4146 1787 4230 aliqui
1846 4155 2071 4209 essem
2124 4150 2413 4208 montem
2479 4137 2689 4222 synai

341 4254 609 4338 adituri,
684 4255 836 4338 quia
887 4253 1358 4337 experientiam
1419 4250 1613 4316 habui
1624 4295 1648 4334 ,
1718 4250 1849 4314 nisi
1900 4250 2026 4315 boc
2086 4250 2154 4313 in
2197 4248 2353 4310 navi
2396 4243 2688 4307 existens

342 4359 671 4446 fecissem,
700 4360 770 4425 in
811 4368 986 4426 terra
1024 4366 1257 4424 sancta
1297 4365 1366 4422 et
1405 4359 1473 4421 in
1513 4355 1920 4439 Jerusalem,
1961 4356 2300 4422 veritatem
2340 4350 2456 4413 vix
2494 4345 2691 4428 hujus
