3242 5259
1739 316 1868 384 ⁴oe

637 520 826 567 nemo
869 498 1136 585 Vim'ni
1171 498 1482 562 molestus
1535 494 1675 561 init.
1777 496 1924 561 Neo
1978 494 2369 575 credendum
2437 505 2545 562 est
2602 495 2991 582 pictoribus,

639 608 752 693 qui
792 604 1244 670 deductionem
1277 602 1540 668 Domini
1578 600 1748 665 Jeeu
1791 599 2151 686 depingunt
2192 620 2341 667 cum
2382 619 2599 686 cruce,
2663 609 2733 664 et
2774 619 2993 686 quos-

637 712 790 776 dam
831 710 1279 794 percutientes
1327 714 1527 790 caput
1565 706 1863 790 Virginis
1901 715 1969 771 et
2018 724 2169 770 cum
2213 705 2489 791 pedibus
2526 725 2671 773 eam
2711 705 2992 772 truden-

636 826 762 882 tes.
845 815 1004 880 Ideo
1065 813 1532 879 attendendum
1585 819 1689 875 e'st
1748 811 1909 876 illud
1963 812 2260 876 Horatii:
2371 813 2726 895 pictoribus
2787 794 2991 895 atque

636 921 849 1007 poetis
890 918 1222 1006 quodlibet
1261 916 1540 983 audendi
1576 933 1838 1000 semper
1858 916 1983 989 fuit
2023 935 2236 1001 aequa
2255 926 2574 1001 potestas.
2615 916 2707 979 Et
2731 924 2990 981 tantum

638 1026 726 1092 de
795 1026 1320 1109 peregrinatione
1397 1022 1816 1088 beatissimae
1881 1021 2212 1105 Virginis,
2274 1040 2445 1106 qnae
2515 1021 2697 1086 volui
2760 1030 2989 1086 nostro

637 1132 1020 1214 evagatorio
1062 1131 1376 1211 inserere,
1416 1137 1491 1192 ut
1532 1127 1837 1209 evagatio
1874 1144 2022 1191 mea
2062 1126 2392 1191 videretur
2429 1126 2739 1210 majorem
2775 1143 2989 1189 excu-

639 1236 958 1299 sationem
992 1234 1251 1298 habere.
1297 1233 1504 1317 Igitur
1543 1234 1616 1295 in
1636 1231 1781 1295 loco
1823 1232 2225 1314 pausationis
2248 1231 2659 1297 beatissimae
2678 1231 2983 1313 Virginis

642 1340 896 1403 Mariae
919 1337 1342 1403 ,consedimus
1387 1347 1453 1402 et
1493 1354 1616 1400 noa
1643 1334 1731 1399 ad
1783 1335 2230 1429 respirandum
2271 1345 2338 1400 et
2375 1335 2781 1420 pausandum
2824 1343 2981 1419 post

639 1445 1002 1510 orationem
1046 1444 1137 1507 ibi
1177 1430 1442 1527 factam,
1471 1450 1541 1504 et
1581 1441 2023 1535 indulgeptias
2064 1444 2458 1527 accepimus.
2501 1442 2626 1528 st)

641 1690 761 1771 De
807 1688 1179 1801 pyramide
1243 1635 1633 1797 josaphath
1675 1717 1723 1768 a
1766 1717 1907 1791 qua
1972 1701 2130 1768 tota
2197 1690 2415 1768 vallis
2479 1685 2990 1766 denominatur

1500 1810 2150 1917 vallis-Josaphat.

801 1993 868 2056 A
905 1992 1050 2058 loco
1079 1992 1477 2089 pausationis
1524 1993 1939 2079 beatissimae
1951 1992 2249 2080 Virginis
2278 1994 2530 2077 Mariae
2571 2008 2990 2076 cousequen-

643 2107 746 2162 ter
787 2094 1242 2162 descendimus
1281 2114 1493 2183 nsque
1533 2098 1616 2162 ad
1664 2100 1899 2167 montis
1918 2100 2192 2186 radices,
2228 2099 2435 2195 etad,
2450 2099 2688 2185 montis
2729 2094 2988 2160 radices

644 2201 1106 2269 descendimus
1145 2209 1376 2268 contra
1418 2212 1731 2288 austrum,
1788 2204 2109 2275 hfflentes
2143 2204 2227 2269 ad
2281 2206 2617 2268 sinistram
2667 2200 2987 2266 olivarum

641 2317 946 2391 montem,
983 2306 1066 2372 ad
1106 2305 1404 2372 dextram
1444 2328 1606 2374 vero
1647 2316 1995 2373 totrentem
2038 2308 2320 2393 Cedron,
2364 2317 2432 2372 et
2470 2324 2671 2391 supra
2723 2307 2794 2369 iu
2859 2305 2989 2369 alia

641 2422 830 2497 parte
898 2413 1203 2477 torrentis
1278 2413 1348 2476 in
1403 2422 1623 2477 monte
1704 2398 2035 2483 civitat‘em
2098 2420 2417 2478 sanctam.
2519 2410 2595 2476 Iu
2659 2411 2988 2475 descensu

642 2525 863 2583 autem
902 2502 1205 2582 venimus
1247 2516 1332 2581 ad
1351 2526 1612 2600 pontem
1652 2520 1977 2602 torrentis,
1996 2537 2190 2603 quem
2232 2527 2449 2583 tamen
2471 2516 2989 2609 praetetigimus,

645 2620 1168 2706 derelinquentes
1232 2604 1408 2686 eum?
1503 2623 1761 2685 Interea
1837 2622 1920 2685 ad
1987 2623 2240 2688 titulum
2302 2622 2647 2706 cuiusdam
2719 2619 2990 2703 pretiosi

647 2726 976 2811 sepulchri
1013 2727 1318 2790 venimus
1358 2726 1427 2789 in
1470 2726 1729 2790 modum
1774 2729 1997 2803 turris,
2015 2732 2309 2793 excisum
2353 2747 2440 2792 ex
2488 2729 2750 2809 integra
2798 2732 2991 2808 petra

644 2833 901 2896 montis.
991 2829 1362 2894 Inciderunt
1399 2830 1568 2893 enim
1610 2830 1819 2914 ipsius
1862 2835 2097 2898 montis
2151 2830 2651 2918 promontorium
2671 2873 2693 2913 ,
2731 2836 2988 2891 tantum

643 2945 822 3000 stare
863 2937 1159 3001 sinentes
1178 2942 1484 3019 quantum
1505 2933 1611 2998 ·ad
1649 2920 2051 3018 pyramidem*
2083 2939 2465 3022 pertinebat,
2489 2952 2608 3019 per
2643 2936 2986 3007 circuitum

641 3060 873 3125 rupem
918 3041 1299 3109 excidentes
1341 3040 1453 3123 ita,
1494 3039 1669 3123 quod
1709 3042 1996 3133 pyramis
2039 3041 2348 3106 derelicta
2399 3041 2543 3107 sola
2588 3048 2721 3111 stat
2739 3084 2760 3122 ,
2803 3056 2883 3103 ac
2916 3039 2984 3103 si

646 3152 828 3207 esset
873 3161 914 3207 a
957 3144 1395 3209 fundamentis
1448 3145 1539 3208 ibi
1610 3142 1952 3209 aedificata
1988 3155 2143 3233 arte,
2170 3147 2744 3212 caementariorum
2760 3191 2782 3230 ,
2837 3163 2991 3208 cum

647 3257 866 3310 tamen
904 3245 990 3311 de
1031 3267 1195 3331 rupe
1235 3242 1476 3313 mon'tis
1518 3249 1629 3332 sit,
1671 3257 1742 3313 et
1782 3252 1863 3314 ab
1913 3253 2098 3318 initio
2148 3228 2368 3335 mundi
2410 3250 2814 3317 ibi.steterit.
2898 3248 2992 3311 Et

643 3351 842 3416 habet
878 3368 997 3435 per
1014 3352 1248 3435 gyrum
1269 3355 1580 3447 ⁰pyramis
1619 3354 1785 3418 haec
1823 3352 1997 3447 XV}
2030 3358 2283 3422 cubitos
2309 3371 2604 3441 magnos,
2642 3362 2710 3418 et
2750 3355 2818 3418 in
2844 3352 2990 3435 (B)

646 3456 856 3521 altuni
910 3458 1106 3521 habet
1160 3458 1328 3522 forte
1381 3466 1555 3540 tres,
1609 3466 1677 3521 et
1727 3459 1924 3524 habet
1964 3460 2337 3546 capitellum
2398 3442 2661 3543 acutum
2701 3476 2987 3542 sursum,

644 3578 793 3624 cum
835 3562 1118 3626 eulmine
1137 3562 1567 3647 sicutturreffl
1593 3570 1665 3627 et
1685 3565 1809 3628 snb
1833 3565 2115 3630 culmine
2150 3560 2255 3631 est
2275 3575 2524 3650 cavata,
2545 3548 2617 3628 οἱ
2650 3564 2989 3628 fenestrae

644 3673 802 3730 sunt
843 3668 1113 3752 incisae,
1156 3667 1249 3732 ita
1288 3666 1463 3752 quod
1503 3669 1574 3731 in
1616 3678 1804 3751 parte
1862 3662 2204 3753 posteriori
2266 3677 2485 3756 p‘etest
2538 3669 2778 3753 aliquis
2831 3686 2991 3733 sur-

643 3786 791 3835 sum
831 3788 910 3834 ae
963 3772 1232 3837 trahens
1273 3791 1392 3856 per
1435 3772 1789 3837 fenestram
1846 3776 1916 3838 in
1976 3777 2188 3861 ipsam
2251 3772 2653 3859 pyramidem
2711 3776 2980 3856 intrare,

641 3873 816 3940 sicut
852 3882 921 3938 et
962 3875 1244 3959 quodam
1282 3876 1389 3943 dio
1448 3877 1633 3943 solus
1676 3879 1971 3944 existens
2013 3879 2442 3963 feci,·volens
2502 3876 2763 3962 vidore,
2820 3875 2986 3962 quid

641 3986 824 4043 esset
860 3968 1054 4067 intus.
1139 3981 1327 4043 Haec
1368 3982 1658 4064 pyramis
1706 3992 1809 4047 est
1875 3984 2051 4050 facta
2102 4006 2219 4071 pro
2292 3982 2638 4069 sepulchro
2702 3981 2988 4066 alicujus

640 4083 862 4167 magui
901 4084 1080 4166 regis
1121 4092 1192 4146 et
1228 4084 1510 4149 hominis
1549 4089 1856 4172 potentis,
1897 4089 2018 4154 sed
2058 4110 2176 4175 pro
2214 4110 2345 4177 quo
2383 4092 2477 4155 sit
2520 4087 2716 4170 facta,
2757 4087 2991 4152 variae

641 4185 726 4250 de
759 4187 885 4252 hoc
919 4195 1076 4251 sunt
1117 4182 1553 4254 recitationes.
1654 4190 1933 4270 Quidam
1977 4193 2224 4276 dicunt,
2267 4192 2444 4276 quod
2484 4192 2799 4258 Salomon
2863 4210 2987 4257 rex

639 4307 923 4376 sponsae
961 4309 1126 4356 suae
1162 4293 1620 4378 aethiopissae,
1661 4294 1834 4361 filiae
1867 4278 2245 4379 Pliaraonis,
2290 4315 2434 4360 eam
2476 4312 2595 4380 pro
2649 4297 2991 4381 sepultura

639 4398 704 4462 ei
746 4396 960 4463 excidi
1003 4397 1250 4482 fecerit,
1293 4406 1361 4462 et
1398 4398 1571 4484 quod
1613 4400 1761 4485 ipsa
1799 4401 1867 4466 in
1910 4420 1995 4468 ea
2032 4401 2293 4488 sepulta
2320 4401 2530 4469 suerit.
2572 4403 2747 4469 Huic
2786 4402 2989 4469 etiam
