3242 5259
1464 287 1588 354 ³⁰1

361 467 709 548 assumsit,
753 484 965 551 usque
1015 466 1100 532 ad
1141 477 1387 551 portam
1424 467 1851 552 judiciariam,
1893 476 1963 532 et
1998 488 2043 533 a
2082 479 2268 554 porta
2308 472 2700 545 tranaeaedo

360 589 476 654 per
519 572 853 654 voraginis
900 581 1160 656 pontem
1205 591 1416 658 usque
1458 573 1543 637 ad
1586 592 1845 658 rupem,
1907 595 2079 660 quae
2119 596 2249 639 non
2293 587 2434 640 erat
2476 581 2702 643 statim

360 684 517 739 ante
580 683 876 759 pontem,
932 677 1051 741 sed
1093 697 1209 761 per
1252 678 1512 762 aliquod
1553 682 1838 761 epatium
1882 680 2166 745 distabat
2205 699 2465 746 aureum
2516 691 2698 746 tran-

358 780 608 844 seundo
650 799 849 864 super
889 783 1244 864 marginem
1283 786 1652 868 voragiuiS,
1697 795 1762 848 et
1798 786 1890 849 ibi
1933 786 2242 871 scopulus
2277 805 2476 872 super
2520 790 2697 852 mar'-

358 889 578 970 ginem
643 888 740 950 ita
800 886 1159 970 dispositus
1222 896 1398 971 erat,
1462 888 1635 974 quod
1699 888 2018 954 Dominus
2074 893 2142 955 in
2207 911 2286 956 eo
2345 894 2697 958 crucifixus

360 990 622 1054 doraum
688 990 771 1057 ad
826 993 1137 1055 orientem
1205 1002 1435 1058 centra
1498 995 1837 1059 civitatem
1892 996 2142 1082 habuit,
2226 998 2478 1061 vultum
2536 1014 2722 1062 vero·

360 1102 589 1160 contra
630 1097 1031 1160 occidentem
1093 1100 1315 1162 vertit.
1400 1099 1509 1162 An
1552 1107 1771 1163 autem
1841 1099 2160 1166 Dominus
2216 1102 2568 1166 crucifixus
2609 1105 2699 1166 sit

357 1218 556 1285 super
615 1201 985 1287 scopulum,
1049 1204 1160 1268 vel
1215 1205 1415 1287 intra,
1460 1205 1648 1267 venit
1687 1206 1756 1267 in
1801 1202 2104 1292 dubium,
2149 1206 2344 1290 (uo
2371 1207 2474 1291 A)
2545 1209 2699 1291 quia

358 1315 622 1389 propter
661 1314 1025 1372 structuras
1068 1310 1389 1391 nescitur,
1448 1327 1642 1393 quam
1686 1308 1857 1373 latus
1901 1309 2096 1375 suerit
2138 1314 2209 1375 in
2250 1331 2374 1376 eno
2419 1313 2718 1378 eulmine·

356 1411 687 1495 scopulus.
769 1413 914 1495 Ego
958 1413 1185 1497 credo,
1258 1413 1463 1498 quod·
1496 1413 1669 1476 infra
1730 1415 2070 1499 scopulum
2118 1416 2314 1480 suerit
2380 1416 2713 1482 Dominus·

359 1516 725 1601 cruciflxue‚
752 1526 817 1579 et
861 1537 939 1581 eo
982 1520 1159 1582 cruci
1201 1519 1399 1582 affixo
1443 1537 1704 1582 crucem
1747 1536 1893 1582 cum
1935 1522 2079 1602 ipso
2117 1539 2317 1605 super
2356 1522 2727 1606 scopulum⁰

358 1630 693 1686 traxerunt
733 1640 1029 1707 sursum,
1075 1633 1140 1687 et
1184 1625 1271 1688 ibi
1312 1642 1452 1686 eam
1498 1625 1642 1706 ru'pi
1683 1622 2149 1706 imposuerunt.

523 1726 699 1789 Ante
742 1728 1221 1794 crucifixionem
1245 1728 1492 1793 Christi
1536 1730 1658 1792 fuit
1699 1729 1884 1793 locus
1904 1728 2255 1794 calvariae
2295 1732 2694 1797 honorabilis

358 1834 437 1894 ab
478 1834 761 1918 antiquo.
851 1835 926 1896 In
971 1851 1049 1896 eo
1096 1833 1216 1898 fuit
1250 1833 1439 1897 Adae
1482 1841 1658 1896 testa
1719 1833 2061 1898 decalvata
2115 1846 2410 1921 reperta,
2475 1856 2517 1900 a
2567 1855 2696 1920 qua

359 1934 655 2000 calvaria
699 1945 804 2000 eet
842 1938 1025 2002 locus
1071 1939 1305 2024 dictuS,
1349 1938 1456 2001 vel
1481 1937 1784 2002 Calvaria
1825 1949 1891 2002 et
1912 1939 2262 2026 Golgathru
2306 1940 2480 2026 quod
2521 1941 2695 2006 idem

365 2051 485 2106 est.
571 2041 808 2106 Judaei
851 2044 933 2107 ab
978 2044 1241 2128 antiquo
1298 2045 1471 2108 huuc
1512 2043 1728 2108 locum
1774 2047 2070 2109 venerati
2111 2057 2264 2110 aunt
2284 2092 2304 2127 ,
2351 2049 2505 2131 quia
2544 2064 2696 2110 cre-

357 2145 536 2230 dunt,
574 2149 642 2211 in
687 2167 765 2211 eo
788 2148 1224 2211 Abrahamum
1269 2149 1560 2212 voluisse
1603 2148 1936 2212 immolare
1979 2152 2192 2234 Isaac,
2239 2149 2441 2214 filium
2483 2169 2693 2233 auum,

355 2261 426 2315 ut
468 2251 736 2318 dicetur.
821 2256 911 2316 Et
950 2253 1096 2317 ideo
1150 2274 1347 2317 unum
1392 2254 1474 2318 de
1538 2252 1824 2316 excelsis
1881 2264 2020 2317 erat
2061 2256 2129 2317 in
2194 2254 2337 2317 loco
2393 2257 2557 2337 isto,
2622 2261 2696 2318 ut

355 2356 656 2443 creditur,
680 2359 748 2421 in
790 2360 1025 2443 quibua
1065 2359 1341 2442 populus
1380 2358 1753 2421 immolabat
1786 2359 1983 2421 etiam
2018 2368 2387 2423 constructo
2429 2358 2694 2442 templo,

355 2463 528 2547 quod
569 2482 769 2547 saepe
804 2465 1291 2547 reprehenditur
1335 2466 1402 2526 in
1430 2463 1610 2527 libris
1635 2463 1917 2546 Regum,
1955 2465 2067 2526 ubi
2099 2465 2295 2526 etiam
2335 2462 2417 2526 de
2445 2463 2696 2526 sanctis
2810 2520 2826 2535 ,

353 2571 618 2652 regibus
662 2570 926 2634 dicitur:
998 2578 1064 2632 et
1107 2570 1264 2633 fecit
1327 2568 1563 2631 bonum
1629 2586 1846 2632 coram
1890 2566 2202 2648 Domino,
2267 2576 2694 2631 veruntamen

357 2674 621 2738 excelsa
697 2693 829 2738 non
912 2674 1208 2758 abstulit,
1294 2672 1506 2737 adhuc
1589 2673 1760 2734 enim
1847 2671 2124 2755 populus
2184 2671 2559 2735 immolabat
2626 2673 2695 2733 in

356 2779 657 2844 excelsis.
716 2779 1012 2842 Fuerunt
1053 2781 1227 2844 enim
1270 2775 1588 2861 quaedam
1630 2778 1782 2840 loca
1821 2777 1888 2838 in
1933 2784 2109 2839 terra
2145 2785 2391 2858 nancta,
2434 2778 2503 2838 in
2544 2778 2697 2859 qui-

353 2884 475 2947 bua
518 2883 831 2967 quaedam
875 2884 1311 2947 memorabilia
1354 2883 1531 2945 facta
1583 2883 1853 2945 fuerunt
1895 2892 2160 2964 peracta
2200 2901 2242 2945 a
2281 2880 2583 2964 Domino,
2626 2887 2697 2942 et

354 2990 421 3052 in
476 2989 711 3072 quibus
769 2997 921 3051 ante
984 2988 1207 3071 templi
1260 2987 1772 3050 aedificationem
1823 2986 2153 3050 colebatur
2214 2986 2563 3068 Dominus,
2631 2994 2698 3049 et

354 3095 585 3157 hostiis
631 3093 1039 3175 placabatur3
1090 3093 1263 3176 quod
1309 3095 1480 3157 facto
1523 3089 1768 3174 templo
1815 3111 1946 3154 non
1990 3091 2190 3154 licuit.
2234 3091 2322 3155 Ut
2365 3091 2485 3154 fuit
2512 3090 2696 3153 locus

351 3198 517 3282 Sylo
559 3206 627 3259 et
667 3196 977 3282 Galgala,
1020 3207 1086 3260 et
1130 3215 1317 3262 mone
1362 3196 1644 3278 oliveti,
1684 3203 1754 3258 et
1801 3195 1986 3259 locus
2032 3194 2402 3259 Calvariae.
2445 3195 2699 3278 Singu-

352 3303 573 3367 lariter
615 3312 833 3366 tamen
894 3305 961 3366 iu
1005 3303 1131 3367 hoc
1172 3301 1435 3367 excelso
1498 3301 1778 3385 populus
1822 3301 2016 3364 nimie
2056 3300 2454 3365 immolando
2497 3317 2699 3363 exce-

352 3407 576 3491 debat,
638 3410 792 3491 quia
831 3408 900 3470 in
943 3426 1022 3471 eo
1065 3407 1421 3472 collocatus
1497 3407 1710 3469 fuerat
1750 3404 2039 3488 ‘serpens
2103 3423 2381 3491 aeneus,
2442 3405 2526 3469 de
2567 3424 2696 3490 quo

351 3513 620 3577 habetur
635 3513 974 3576 Numeror.
996 3513 1125 3595 21„
1178 3530 1370 3594 quem
1394 3510 1672 3593 populus
1707 3511 1982 3573 multum
2012 3512 2446 3574 venerabatur
2487 3528 2697 3595 unque

351 3618 433 3682 ad
478 3629 768 3701 tempora
824 3617 1151 3682 Ezechiae
1213 3619 1425 3700 regie,
1484 3616 1596 3700 qui
1643 3633 1791 3678 eum
1836 3615 2243 3698 comminuit,
2286 3622 2361 3679 ut
2404 3616 2692 3679 habetur.

351 3728 415 3789 4.
459 3725 627 3807 Reg.
677 3724 773 3788 18.

516 3828 1019 3893 venerabantur
1054 3845 1212 3911 ergo
1250 3825 1501 3910 antiqui
1543 3826 1755 3889 iocum
1800 3825 1993 3908 hunc,
2037 3824 2188 3908 quia
2211 3823 2699 3891 Melchisedech

351 3934 440 3998 ibi
460 3935 766 3998 Abrahae
808 3935 1089 3998 occurrit
1134 3950 1279 3996 cum
1315 3952 1487 4016 pune
1531 3944 1591 3992 et
1639 3932 1834 4008 vin-n}
1883 3940 1943 3988 et
1991 3932 2076 3992 ihi
2124 3940 2220 3992 *331
2252 3936 2440 3996 elium
2480 3932 2696 3996 muudi

352 4039 672 4122 medium,
715 4038 796 4105 de
837 4040 1075 4123 quibus
1121 4036 1415 4101 omnihus
1463 4036 1707 4116 patebit
1751 4036 1987 4096 statim.

517 4143 751 4227 Porro,
795 4143 946 4207 dum
987 4141 1228 4207 Judaei
1271 4144 1641 4204 nminissflent
1687 4160 1987 4220 regnum,
2056 4152 2120 4200 et
2164 4144 2424 4224 regihufl
2468 4140 2700 4204 alieni-

352 4249 547 4330 genis
599 4257 664 4311 et
720 4249 1078 4332 gentilibus
1118 4250 1667 4331 gubernari-*mins1·³
1711 4246 1823 4324 qui
1867 4264 1983 4308 ens
2032 4244 2176 4308 odiu
2240 4244 2588 4320 habebunt,
2632 4244 2696 4302 lu

353 4351 837 4437 displicentiam
854 4352 1251 4419 Judaeum
1295 4352 1503 4416 lucum
1523 4348 1867 4416 calvariae
1909 4358 1975 4416 ¹et.
1995 4348 2364 4434 Gulgathae
2408 4348 2700 4412 feceruut
