3242 5259
1495 337 1623 405 4³5

390 536 546 585 esse
587 517 800 583 solito.
887 506 1262 602 Numquam
1301 517 1439 583 vidi
1479 518 1860 602 peregrinos
1904 519 1997 582 ita
2018 519 2387 603 jowndos,
2452 520 2635 597 sicut,
2658 520 2730 584 iu

390 624 505 689 illa·
543 624 673 688 via.
761 622 909 707 Ege
951 640 1074 688 sex
1114 624 1371 687 vicibus
1436 624 1607 687 viam
1651 622 1826 686 illam
1892 626 2195 706 transivi,
2259 643 2521 708 semper
2582 641 2729 689 cum

387 728 706 811 singulari
748 727 990 810 gaudio
1031 728 1332 812 quodam.
1419 725 1618 789 Porro
1680 728 1852 791 iuter
1893 742 2015 793 nos
2057 739 2124 793 et
2163 729 2540 794 Bethlehem
2589 737 2733 793 erat

391 830 638 918 grande
700 828 1112 895 intervallum
1171 846 1448 917 magnae
1490 839 1557 893 et
1612 828 1974 913 profundae
2030 829 2254 912 vallis,
2319 851 2449 899 non
2511 841 2731 895 tamen

391 938 522 1019 iia,
563 935 737 1019 qued
776 953 1055 999 necesse
1095 946 1272 999 esset
1318 952 1444 999 nos
1484 936 1553 997 in
1593 930 1832 998 vallem
1878 932 2310 1018 descendere,
2373 935 2494 1000 sed
2536 944 2733 1021 opor-

393 1042 573 1104 iebat
611 1041 849 1104 vallem
891 1056 1153 1123 gyrare,
1195 1048 1261 1102 et
1302 1026 1502 1120 super
1540 1040 1899 1121 marginem
1938 1039 2131 1103 vallis
2173 1039 2481 1105 incedere
2521 1059 2733 1123 usquc

391 1144 776 1208 Bethlehem
815 1144 1208 1228 per‘J'ugum·
1241 1140 1619 1225 altitudinis,
1648 1144 1732 1225 <in
1774 1144 1963 1227 quus
2005 1160 2205 1209 cornu
2244 1146 2311 1208 in
2363 1145 2495 1209 alte
2529 1145 2735 1209 bene-'-

393 1248 572 1313 dicta
611 1249 848 1313 civitas
885 1250 1018 1317 sita
1057 1255 1181 1312 est.
1226 1246 1476 1330 inipso
1502 1267 1662 1311 vero
1692 1247 1889 1312 vallis
1929 1238 2151 1317 medio
2172 1248 2453 1317 vidimus
2496 1249 2732 1331 locum,

396 1354 507 1416 ubi
567 1352 941 1437 pastoribus
1007 1353 1305 1416 nuntiata
1365 1353 1576 1415 inerat
1632 1352 1945 1417 nativitas
1998 1350 2382 1418 Salvatoris.
2487 1354 2732 1419 Dicunt

397 1465 617 1521 autem
657 1457 973 1521 historiae
1038 1459 1229 1520 trium
1275 1474 1535 1540 regum,
1581 1452 1785 1539 quod,
1858 1460 2120 1542 quando
2162 1468 2295 1523 tres
2341 1459 2524 1541 Magi
2577 1475 2726 1521 cum

398 1561 540 1623 suis
602 1561 997 1624 exercitibus
1057 1561 1167 1624 hic
1231 1562 1591 1623 transibant
1669 1577 1865 1642 super
1934 1565 2206 1647 vallem,
2282 1571 2358 1627 ut
2415 1563 2731 1627 intrarent

399 1663 812 1747 Bethlehem,
855 1673 1013 1729 tunc
1048 1673 1354 1748 pastores,
1392 1666 1462 1727 in
1503 1664 2110 1751 valle'existentes,
2152 1664 2456 1731 videntes
2496 1663 2739 1729 insoli-

392 1778 530 1834 -tsm
576 1769 831 1833 stellam
907 1780 972 1833 et
1015 1762 1366 1834 exercitum
1407 1769 1660 1833 illorum
1703 1782 2089 1857 sequentes,
2131 1790 2277 1836 cum
2324 1771 2737 1836 feminatime

404 1873 839 1938 ascenderunt
882 1891 1164 1956 sursum,
1199 1884 1271 1937 ut
1310 1873 1631 1957 viderent,
1666 1876 1776 1958 qui
1816 1886 2060 1960 essent,
2086 1878 2194 1940 vel
2222 1895 2348 1961 quo
2380 1874 2737 1940 tenda-ent.

399 1972 489 2043 Et
529 1972 692 2044 cum
739 1978 1252 2061 intellexissent,
1318 1978 1492 2062 quod
1536 1996 1805 2061 puerum
1847 1987 2148 2043 recenter
2188 1989 2412 2045 uatum
2453 1996 2732 2064 quaere-

407 2096 589 2166 rent,
651 2072 1032 2167 inceperunt
1084 2086 1185 2145 eis
1242 2086 1515 2148 recitare
1571 2085 1815 2165 omnia,
1876 2103 2047 2169 quae
2089 2086 2197 2147 eis
2241 2082 2610 2150 aesiderant
2670 2087 2738 2146 in

405 2195 600 2251 nocte
641 2189 1003 2251 nativitatis
1045 2187 1296 2269 pueri,
1323 2198 1391 2252 et
1427 2206 1562 2273 quo
1620 2187 1811 2252 modo
1853 2188 2124 2252 coelesti
2155 2193 2393 2253 nuntio
2441 2190 2737 2253 instructi

345 2328 353 2337 ·
407 2291 797 2376 didicerant,
838 2310 1108 2375 puerum
1150 2291 1330 2355 illum
1374 2310 1527 2358 esse
1590 2292 2047 2356 Redemtorem
2074 2294 2341 2357 mnndi.
2426 2294 2577 2356 Hoc
2619 2310 2740 2355 au-

410 2396 664 2459 dientes
710 2397 890 2479 Maga‘
930 2395 1201 2481 amplius
1242 2408 1399 2462 sunt
1468 2399 1684 2481 gavisi
1736 2414 1853 2480 pro
1908 2410 2018 2478 eo,
2062 2374 2259 2480 'quod
2312 2399 2475 2462 alios
2539 2400 2745 2459 testes

400 2519 601 2586 „quam
645 2495 897 2563 stellim
944 2502 1338 2583 reperissent
1353 2548 1374 2585 ,
1442 2511 1511 2565 et
1548 2502 1913 2585 aperientes
1965 2501 2199 2565 bursas
2261 2504 2547 2586 pretiosa
2586 2516 2735 2565 mu-

411 2624 567 2669 nera
607 2607 1110 2688 propinaverunt
1152 2605 1282 2669 illis
1327 2604 1717 2689 pauperibus
1744 2606 2109 2688 pastoribus
2140 2624 2256 2689 pro
2294 2608 2459 2671 bono
2494 2608 2737 2669 nuntio.

413 2711 490 2773 lu
531 2711 655 2772 hoc
719 2727 876 2794 ergo
934 2707 1367 2773 consistentes
1428 2711 1572 2775 loco
1636 2709 1952 2774 mirabilia
2010 2711 2135 2773 Dei
2189 2710 2596 2779 miravimus
2674 2718 2746 2772 et

416 2813 1020 2897 congratulabamur
1085 2814 1349 2897 regibus
1408 2817 1555 2879 istis
1612 2814 1884 2879 devotis.
1994 2815 2079 2878 Et
2138 2816 2228 2879 ita
2282 2833 2431 2878 cum
2496 2810 2744 2878 laetitia

418 2924 659 3001 m'pgna
700 2918 1160 3001 processimus.

420 3151 541 3224 De
568 3146 1113 3253 peregrinorum
1139 3149 1670 3242 vexationibuS,
1700 3172 1879 3249 quas
1913 3150 2112 3251 passi
2144 3140 2334 3242 sunt,
2364 3112 2749 3246 autequam

418 3267 970 3368 ingrederentur
1017 3267 1089 3342 in
1121 3268 1579 3364 Bethlehem,
1626 3269 1716 3344 ab
1759 3271 2127 3347 Arabibus
2174 3270 2295 3346 vel
2327 3264 2749 3343 Midianitis.

569 3445 910 3512 Gaudium
952 3447 1199 3510 nullum
1237 3450 1305 3511 in
1343 3451 1468 3513 hoe
1511 3451 1747 3514 mundo
1788 3456 2007 3531 potest
2052 3466 2202 3510 esse
2242 3464 2470 3529 purum
2496 3488 2515 3525 ,
2560 3443 2755 3504 etiam

411 3551 777 3637 spirituale,
809 3560 876 3614 et
918 3552 977 3613 si
1026 3550 1325 3615 videatur
1361 3572 1515 3616 esse
1541 3572 1770 3637 purum
1799 3561 1865 3614 et
1902 3551 2356 3633 inpermixtam
2384 3546 2465 3610 ad
2509 3547 2754 3627 horam,

422 3659 644 3719 statim
701 3642 924 3718 tamen‘
977 3655 1269 3721 redditur
1324 3659 1541 3740 aliqua
1601 3656 2057 3720 contrarietate
2123 3651 2584 3715 obnubilatum.
2670 3648 2759 3713 Et

424 3762 550 3824 hec
592 3760 659 3822 iu
720 3760 849 3828 isto
912 3760 1151 3823 itinere
1193 3765 1442 3844 experti
1485 3778 1731 3825 sumus.
1819 3758 1922 3821 De
1961 3757 2326 3821 Jerusalem
2399 3756 2569 3825 eim
2611 3768 2757 3817 cum

425 3864 680 3927 laetitia
741 3865 1104 3945 exivimus,
1161 3872 1228 3927 et
1284 3874 1528 3949 quanto
1600 3863 1981 3927 Bethlehem
2034 3860 2523 3944 propinquiores
2584 3857 2758 3940 facti,

427 3972 608 4032 tanto
647 3966 890 4049 ·majori
954 3967 1195 4050 gaudio
1257 3969 1500 4032 suimus
1560 3966 1811 4050 affecti,
1884 3975 1953 4029 ut
2015 3966 2221 4048 patuit
2274 3985 2391 4048 per
2447 3961 2757 4047 praefata.

428 4072 570 4136 Deo
613 4070 829 4135 a‘ntem
871 4070 1260 4154 disponente
1299 4071 1605 4155 gaudium
1666 4070 1955 4133 nostrum
2002 4070 2123 4133 fuit
2177 4071 2340 4134 satis
2384 4064 2761 4132 terribiliter

429 4177 872 4258 interruptum.
957 4175 1046 4239 Ut
1089 4179 1261 4238 enim
1322 4178 1574 4241 civitati
1638 4174 2019 4241 benedictae
2080 4172 2760 4257 appropinquavimus,

432 4294 624 4360 ecee,
675 4280 1000 4342 exereitus
1042 4282 1331 4345 Arabum
1372 4288 1599 4345 contra
1640 4295 1761 4341 nos
1802 4281 2007 4363 venit,
2053 4278 2395 4361 egrediens
2437 4274 2519 4337 de
2558 4272 2765 4335 Beth-

421 4378 674 4464 -lehem,
730 4401 816 4446 ex
877 4398 1151 4465 quorum
1214 4395 1486 4470 aspectu
1543 4384 1939 4448 conisternati
1998 4391 2063 4444 et
2124 4382 2441 4463 perterriti
2510 4380 2767 4442 suerunt

2229 4478 2300 4536 28
2323 4477 2355 4511 t
