3242 5259
1713 356 1847 429 2Ῐο

610 555 678 614 in
721 527 944 630 asino,
1000 523 1341 610 dummodo
1384 549 1731 635 conventio
1793 556 2205 629 patronorum
2266 564 2413 611 cum
2458 548 2565 611 eis
2617 553 2949 630 teneatur,

612 664 675 719 et
719 652 891 738 quod
923 651 1198 736 pedibus
1238 649 1555 714 incedens
1587 632 1719 713 non
1762 667 1804 713 a
1836 650 2031 734 longe
2066 659 2418 736 sequatur,
2454 651 2627 737 quod
2654 657 2951 735 oporteat

553 836 566 849 .
611 778 759 824 eum
802 765 1207 841 exspectare.
1288 756 1445 820 Ideo
1488 765 1729 839 cogunt
1767 774 1888 819 nos
1930 757 2151 821 asinos
2192 761 2516 841 recipere,
2578 764 2650 820 ut
2690 753 2950 839 semper

608 862 803 929 simul
846 879 1261 945 maneamus,
1305 870 1375 925 et
1413 868 1488 926 ut
1529 862 1678 924 sani
1718 861 1787 923 in
1827 860 2193 924 Jerusalem
2234 865 2597 926 veniamus.
2654 859 2731 923 Si
2773 862 2948 924 enlm

605 968 935 1056 peregrini
986 966 1293 1031 deberent
1360 984 1402 1030 a
1457 967 1619 1031 mari
1681 965 1957 1049 pedibus
2015 966 2401 1031 ambulando
2472 965 2831 1030 ascendere
2876 965 2945 1028 in

605 1055 1014 1156 Jerusalem,
1077 1078 1146 1135 et
1201 1074 1596 1155 pertransire
1641 1069 1787 1134 loca
1841 1078 2073 1134 sancta
2129 1074 2197 1133 in
2256 1072 2454 1135 tantis
2516 1071 2840 1135 caloribus
2880 1078 2949 1134 ot

547 1164 562 1175 ⁸
604 1195 730 1265 per
760 1181 937 1242 viam
980 1195 1321 1242 arenosam
1382 1178 1452 1240 in
1493 1176 1968 1259 campestribus
1982 1220 2004 1258 ,
2041 1183 2111 1237 et
2153 1193 2449 1260 asperam
2492 1178 2562 1238 in
2602 1177 2947 1258 montanis,

567 1305 584 1319 ·
604 1288 796 1369 pauci
870 1284 1012 1347 vivi
1054 1289 1425 1366 manerent,
1496 1291 1561 1345 et
1604 1290 1867 1366 propter
1907 1280 2162 1345 calores
2203 1289 2269 1343 et
2310 1283 2491 1345 sitim
2551 1288 2620 1344 et
2658 1281 2945 1343 laborem

566 1461 584 1486 θ
600 1392 669 1454 in
711 1390 925 1470 alieno
967 1391 1137 1452 aere.
1221 1388 1496 1470 Insuper
1535 1388 1594 1450 si
1641 1387 1914 1471 pedibus
1956 1406 2073 1470 per
2116 1385 2257 1449 loca
2299 1395 2526 1450 sancta
2559 1384 2944 1450 deberemus

604 1495 954 1579 ambulare,
988 1488 1307 1577 quomodo
1356 1509 1703 1575 possemus
1745 1491 2003 1556 Arabes
2045 1499 2113 1554 et
2156 1492 2438 1556 rusticos
2481 1495 2549 1556 in
2592 1492 2791 1575 villis,
2831 1490 2944 1575 qui

579 1604 946 1684 ‚insurgunt
985 1606 1212 1661 contra
1252 1615 1395 1681 nos,
1440 1596 1750 1681 effugere,
1791 1596 1902 1661 vel
1945 1598 2042 1659 eis
2085 1600 2416 1660 resistere.
2480 1598 2568 1660 Et
2607 1597 2755 1661 ideo
2796 1595 2941 1674 (B)

599 1722 717 1786 pro
772 1706 940 1766 bono
1012 1712 1234 1766 nostro
1299 1701 1733 1786 disponuntur
1773 1704 1962 1767 nobis
2003 1702 2290 1785 bestiae,
2351 1710 2422 1764 et:
2478 1720 2608 1766 non
2678 1708 2942 1785 propter

599 1808 1020 1893 despectum,
1082 1816 1155 1870 ut
1210 1807 1529 1890 inexperti
1592 1806 1837 1869 dicunt.
1957 1808 2166 1889 Igitur
2226 1825 2374 1870 cum
2431 1824 2657 1870 omnes
2710 1811 2940 1869 essent

595 1914 828 1998 parati,
852 1913 1102 1994 patroni
1141 1929 1289 1975 cum
1329 1912 1682 1995 praefectis
1719 1911 2181 1995 processerunt
2229 1913 2299 1975 in
2341 1914 2529 1996 equis
2572 1912 2939 1995 equitantes

599 2016 683 2079 de
723 2018 916 2099 mari,
962 2024 1032 2078 et
1079 2034 1201 2080 nos
1262 2017 1332 2079 in
1373 2019 1583 2080 asinis
1638 2019 2097 2100 sequebamur,
2165 2026 2234 2080 et
2294 2020 2474 2081 servi
2536 2016 2938 2080 dominorum

594 2122 975 2184 Maurorum
1018 2129 1170 2204 post
1211 2123 1594 2206 peregrinos
1638 2125 2047 2206 equitabant,
2111 2130 2177 2186 et
2222 2124 2489 2185 asinarii
2552 2124 2760 2185 nostri
2813 2137 2936 2183 nos

597 2228 1227 2310 concomitabantur3
1283 2236 1348 2289 et
1390 2230 1457 2289 in
1499 2229 1632 2290 isto
1675 2225 1899 2289 ordine
1938 2245 2169 2290 omnes
2211 2245 2251 2289 a
2295 2232 2454 2291 mari
2511 2245 2656 2289 cum
2701 2243 2938 2307 magna

597 2331 975 2395 festinantia
1017 2334 1426 2396 recessimus.
1513 2332 1597 2396 Et
1641 2339 1783 2395 erat
1825 2332 2060 2414 ingens
2106 2334 2431 2396 exercitus
2485 2330 2803 2395 collectus
2851 2349 2935 2394 ex

595 2435 981 2500 sarracenis
1024 2445 1092 2498 et
1124 2428 1573 2501 'Christianis
1659 2436 1750 2498 Et
1803 2438 2121 2500 vertimus
2191 2438 2349 2499 mari
2405 2435 2697 2519 dorsum,
2761 2434 2932 2520 quod

593 2542 810 2634 vergit
851 2541 931 2603 ab
975 2541 1276 2622 aquilone
1320 2544 1386 2605 in
1429 2547 1745 2624 austrum,
1789 2550 1855 2603 et
1895 2541 2095 2604 habet
2119 2542 2377 2624 Joppen
2423 2543 2612 2624 quasi
2656 2538 2932 2604 medium

592 2655 865 2729 portum.
941 2631 1129 2708 'Nam
1175 2645 1258 2708 ad
1302 2655 1594 2710 austrum
1637 2644 1834 2707 habet
1873 2646 2199 2709 Jamniam
2247 2654 2314 2708 et
2359 2646 2703 2729 Gazaram,
2747 2655 2813 2708 et
2852 2644 2931 2708 ad

592 2750 960 2834 aquilonem
1002 2751 1196 2814 habet
1215 2750 1604 2815 Caesaream
1631 2749 2064 2833 Palaestinae,
2101 2758 2168 2812 et
2182 2749 2664 2835 Ptolemaidam,
2689 2751 2930 2833 'tyrum

591 2864 658 2923 et
698 2855 1054 2919 Baruthum
1093 2864 1163 2919 et
1205 2857 1549 2939 Tripolimz
1601 2855 1769 2920 haec
1809 2857 2024 2919 omnia
2077 2852 2453 2938 reliquimus
2496 2864 2644 2938 post
2683 2873 2805 2918 nos
2847 2854 2931 2918 ad

592 2979 806 3044 mare,
856 2968 927 3022 et:
968 2969 1199 3023 contra
1238 2960 1569 3024 Orientem
1612 2964 2090 3044 processimus,
2151 2979 2271 3044 per
2311 2966 2550 3023 terram
2590 2959 2934 3041 Philistim,

596 3083 725 3126 non
811 3066 1073 3127 omnino
1111 3063 1409 3146 planam,
1451 3063 1571 3128 sed
1634 3065 1910 3128 collibus
1973 3063 2327 3128 humilibus
2382 3072 2450 3126 et
2512 3064 2935 3130 dissimilibus

590 3168 1021 3251 dispositam,
1091 3175 1159 3229 et
1228 3175 1329 3229 est
1387 3175 1562 3231 terra
1627 3169 1797 3232 bona
1858 3176 1932 3231 et
1992 3167 2262 3250 fertilis,
2323 3167 2381 3230 si
2435 3170 2503 3232 in
2569 3188 2649 3234 ea
2707 3178 2933 3233 essent

586 3272 879 3348 cultores
923 3281 990 3337 et
1038 3272 1470 3355 habitatores,
1537 3281 1643 3335 est
1683 3273 1854 3335 enim
1899 3281 2073 3335 terra
2114 3280 2343 3335 sancta
2385 3292 2503 3355 pro
2546 3272 2771 3355 majori
2809 3291 2935 3338 sua

587 3385 775 3463 parte
817 3376 1099 3445 deserta.
1184 3374 1352 3440 Cum
1396 3384 1611 3440 autem
1657 3375 1986 3441 dimidium
2028 3377 2278 3441 miliare
2320 3396 2361 3442 a
2410 3378 2570 3441 mari
2612 3395 2932 3462 essemus,

563 3485 892 3574 ‚venimus
948 3482 1141 3567 juxta
1200 3482 1531 3546 civitatem
1579 3479 1792 3565 Geth,
1868 3499 2038 3565 quae
2106 3483 2430 3568 quondam
2495 3492 2634 3547 erat
2695 3484 2930 3547 civitas

589 3588 1231 3654 bellicosissimorum
1288 3588 1623 3671 gigantum
1639 3632 1662 3672 ,
1724 3586 1807 3651 de
1858 3606 1988 3672 qua
2044 3587 2313 3654 Goliath
2376 3587 2675 3653 Getheus
2734 3597 2930 3653 natus

589 3695 745 3779 fuit,
791 3702 878 3777 et,
923 3703 995 3758 ut
1034 3694 1344 3759 historiae
1400 3690 1692 3776 tradunt,
1762 3691 1836 3761 S.
1873 3691 2379 3778 christophorus
2432 3695 2504 3757 in
2545 3711 2628 3757 ea
2664 3693 2928 3775 genitus

587 3799 743 3883 fuit,
809 3807 875 3861 et
918 3798 1001 3862 ad
1046 3818 1268 3883 regem
1311 3796 1492 3863 Geth
1533 3797 1830 3882 confugit
1870 3798 2086 3863 David
2127 3816 2169 3862 a
2212 3799 2381 3864 facie
2439 3798 2634 3881 Sau13
2677 3797 2762 3861 de
2814 3797 2928 3862 ina

587 3907 851 3967 civitate
899 3905 1116 3967 dieunt
1164 3905 1499 3987 historiae,
1543 3903 1716 3988 quod
1760 3913 1990 3968 natura
2029 3903 2155 3968 loci
2194 3906 2313 3989 sit,
2370 3903 2543 3989 quod
2583 3905 2674 3966 ibi
2713 3920 2929 3987 gene-

591 4019 807 4071 rentur
839 4011 1092 4071 feroces
1132 4023 1196 4071 et
1232 4011 1435 4073 furtes
1470 4010 1785 4092 heminae,
1805 4009 1979 4077 unde
2021 4010 2216 4072 eliam
2249 4010 2605 4074 novissimo
2635 4017 2926 4092 tompore

587 4115 940 4179 Christiani
984 4115 1180 4175 multu
1228 4115 1432 4178 effuso
1492 4115 1816 4197 sanguine
1857 4122 2168 4197 ceperunt
2229 4115 2564 4177 civitatem
2608 4114 2814 4197 illam,
2856 4122 2926 4176 et

587 4223 667 4283 de
711 4243 787 4283 uu
835 4219 1076 4303 pruciis
1124 4221 1307 4279 furtin
1352 4218 1733 4282 Sarracenis
1775 4217 2154 4302 intulerunt,
2198 4217 2456 4283 demum
2508 4237 2653 4283 eam
2689 4220 2921 4283 iterum

587 4347 727 4391 teum
759 4347 992 4407 magna
1028 4335 1244 4403 strage
1276 4335 1403 4386 tam
1425 4322 1939 4387 Christianorum
1961 4342 2153 4408 quam
2172 4323 2675 4389 Sarracenorum
2700 4323 2924 4408 perdi-

587 4431 847 4495 derunt:
899 4451 1088 4515 quam
1136 4427 1430 4491 infideles
1456 4432 1792 4513 capientes
1824 4446 2034 4514 usque
2072 4428 2155 4492 ad
2195 4428 2404 4496 solum
2442 4431 2917 4511 destruxerunt,
