3242 5259
1466 333 1594 403 41⁷

373 519 494 595 De
569 523 810 643 petra·
866 515 1171 595 mirabili
1227 518 1554 596 scissura
1613 526 1828 619 rupta
1876 516 1949 592 in
1998 517 2342 619 passione
2392 519 2700 596 Domini.

537 700 839 784 Expletis
918 695 1430 781 peregrinalibus
1505 699 1743 763 officiis
1808 700 1999 784 juxta
2073 698 2315 763 fontem
2382 700 2709 785 gloriosae

371 804 625 868 Mariae
666 801 963 887 Virginis
1011 801 1284 867 ulterius
1325 804 1765 888 processimus
1809 814 1876 869 et
1917 813 2201 870 montem
2224 803 2386 869 Sion
2432 808 2707 890 gyravi-

373 926 520 972 mus
562 915 786 972 contra
825 907 1171 972 australem
1213 908 1358 993 ej-
1400 907 1657 992 plagam
1708 918 1963 993 euntes,
2014 919 2082 973 et
2127 910 2217 972 ibi
2264 909 2500 974 vallem
2525 906 2708 979 Siloe

374 1013 659 1097 ingressi
695 1022 923 1078 contra
966 1012 1366 1078 occidentem
1410 1013 1710 1077 venimus
1756 1014 1836 1078 ad
1866 1014 2141 1078 rivulum
2161 1031 2491 1100 aquarum,
2542 1034 2712 1100 quae

374 1127 604 1182 contra
674 1118 913 1182 vallem
980 1108 1302 1203 Jo‘saphat
1367 1136 1516 1183 cum
1580 1119 1839 1183 silentio
1899 1127 2265 1202 transeunt3
2329 1128 2403 1183 ut
2477 1120 2710 1184 dicitur

374 1223 649 1287 Jesaiae
705 1223 883 1290 Vm.
897 1268 924 1307 ,
970 1222 1052 1287 de
1096 1224 1283 1308 aquis
1327 1224 1524 1287 fontis
1576 1222 1758 1289 Siloc
1812 1226 1956 1289 sine
2012 1225 2287 1307 strepitu
2344 1228 2451 1287 et.
2469 1226 2706 1292 sonitu.

373 1328 505 1394 Per
523 1327 700 1392 illum
733 1346 890 1412 ergo
921 1328 1197 1393 rivulum
1221 1314 1656 1412 ascendimus,
1698 1331 1808 1414 qui
1851 1328 2128 1393 decurrit
2168 1328 2249 1392 ad
2276 1326 2451 1393 latus
2474 1331 2709 1393 montis

380 1431 586 1517 syon,
629 1440 696 1495 et
726 1430 824 1495 ad·
839 1431 1051 1497 locum
1093 1434 1414 1517 venimus,
1452 1434 1564 1497 ubi
1605 1433 1690 1497 de
1737 1434 1949 1498 rivulo
1995 1435 2331 1521 consurgit
2354 1443 2537 1518 petra
2556 1433 2707 1516 alta,

378 1538 566 1624 quasi
606 1554 728 1620 pes
788 1539 1026 1600 montis
1069 1537 1289 1631 Syon,
1341 1547 1405 1621 qt
1449 1536 1564 1601 illa
1617 1528 2056 1621 petra-«habet
2097 1556 2145 1601 a
2192 1556 2442 1602 summo
2500 1552 2709 1622 usque

381 1642 680 1706 deorsum
719 1659 1016 1726 magnam
1057 1645 1432 1727 scissuram,
1476 1636 1586 1725 isa,
1631 1642 1804 1728 quod
1840 1645 2038 1715 homo
2066 1650 2287 1726 potest
2328 1646 2475 1707 sine
2516 1661 2708 1726 pres-

379 1765 537 1811 sura
585 1747 826 1810 intrare
887 1724 1250 1831 rupturam'
1275 1748 1471 1830 rupis.
1545 1748 1803 1811 -Dicunt
1859 1754 2095 1831 autem,
2140 1748 2308 1815 hanc
2358 1748 2711 1811 scissuram

378 1854 445 1917 in
487 1853 796 1938 passione
835 1851 1098 1915 Domini
1140 1844 1401 1934 factam,
1443 1853 1613 1917 sicut
1658 1851 1890 1916 dicitur
1932 1851 2161 1917 Matth.
2203 1852 2330 1916 26..
2315 1873 2329 1889 ·
2378 1860 2447 1914 et
2487 1861 2711 1935 petrae

379 1960 633 2024 scissae
690 1966 861 2022 sunt.
949 1934 1450 2021 'transilivimus
1504 1974 1661 2040 ergo
1716 1958 2026 2042 rivulum,
2090 1965 2157 2020 et
2211 1976 2327 2040 per
2384 1965 2708 2045 rupturam

381 2064 663 2149 ingressi
704 2050 964 2144 sumus,
1007 2079 1218 2144 usque
1261 2079 1389 2145 quo
1432 2073 1695 2153 propter
1734 2066 1995 2127 umbras
2036 2062 2308 2127 ulterius
2361 2060 2713 2145 procedere

382 2168 661 2255 amplius
699 2168 842 2231 ausi
881 2185 1010 2230 non
1053 2167 1311 2230 fuimus.

386 2415 506 2492 De
551 2412 909 2491 natatoria
954 2408 1205 2553 Siloe,
1287 2413 1358 2490 in
1427 2441 1568 2516 qna
1632 2440 1719 2493 se
1769 2416 1949 2493 lavit
2012 2436 2283 2492 coecus
2351 2422 2432 2489 et
2482 2412 2713 2489 visum

1398 2538 1789 2642 recepit...

552 2714 658 2780 De
697 2724 980 2800 ruptura.
1000 2727 1225 2803 petrae
1266 2729 1602 2804 exeuntes,
1655 2730 1721 2785 et
1761 2716 2091 2785 fluviolum
2114 2718 2293 2784 Siloe
2335 2716 2712 2781 transilien-

389 2826 495 2884 tes
534 2820 805 2901 ulterius
850 2830 1081 2889 contra
1118 2825 1328 2887 rivum
1355 2824 1778 2893 ascendimus
1828 2843 2037 2908 usque
2064 2825 2145 2889 ad
2177 2820 2492 2888 naiatoria
2511 2817 2712 2903 siloe,

386 2923 470 2988 ad
498 2928 1097 3010 quemamodum
1133 2928 1310 2991 misit
1325 2927 1525 2993 Jesus
1543 2916 2011 3019 cinidoniam,
1992 2947 2255 2994 coecum
2283 2947 2324 2992 a
2354 2912 2714 3007 namu.

385 3037 461 3095 ut
501 3029 844 3097 lavaretur.
930 3032 1015 3095 Et
1059 3031 1253 3113 lavit,
1306 3040 1376 3095 et
1416 3034 1632 3101 visum
1673 3037 1937 3120 recepit,
1999 3044 2071 3099 ut
2112 3034 2344 3098 dicitur
2395 3031 2545 3095 Joh.
2597 3029 2715 3091 IX.

386 3134 575 3197 Haec
616 3136 940 3200 natatoria
980 3136 1138 3201 nihil
1179 3137 1355 3201 aliud
1399 3139 1434 3205 f
1468 3141 1539 3221 it,
1582 3160 1711 3205 ιιιει
1750 3141 2095 3226 quoddam.
2104 3144 2427 3222 stagnum',
2474 3135 2715 3199 factum

387 3240 512 3302 sub
553 3238 735 3303 fonte
777 3239 977 3325 siloe,
1020 3244 1089 3304 in
1132 3240 1307 3326 quod
1346 3160 1819 3331 mffigebantur
1859 3264 2067 3333 aquae
2106 3245 2387 3315 fluentes
2410 3242 2494 3305 de
2517 3242 2716 3325 fonte,

388 3342 890 3427 circumseptum
969 3344 1292 3428 lapidibus
1371 3356 1438 3411 ct
1515 3350 1732 3431 terra,
1810 3354 1985 3414 sicut
2046 3348 2219 3433 apud
2287 3366 2409 3415 nos
2474 3347 2717 3409 faciunt

387 3445 696 3530 piscinas.
806 3449 884 3511 In
939 3449 1053 3513 illa
1092 3454 1418 3515 natatoria
1469 3472 1645 3516 nunc
1700 3454 1895 3518 nulla·
1917 3463 2017 3517 est
2058 3470 2275 3536 aqua,
2331 3450 2483 3533 quia
2534 3451 2717 3513 rivus

388 3549 457 3612 in
500 3568 643 3613 eam
684 3569 815 3615 non
868 3551 1040 3636 fluit,
1101 3546 1224 3619 'sed
1288 3555 1368 3623 ad
1434 3556 1608 3621 latus
1670 3544 1813 3640 e'jus
1876 3557 2225 3641 pertransit
2286 3551 2712 3617 descendens.

391 3650 669 3732 Quidam
695 3653 1094 3727 Sarracenus
1137 3652 1328 3741 nun&
1348 3660 1707 3742 plumatum
1747 3663 1946 3729 habet
1981 3662 2234 3727 hortum
2276 3657 2525 3721 olerum
2551 3658 2719 3728 inter

388 3777 608 3823 muros
667 3762 1057 3855 natatoriae,
1124 3771 1191 3826 et
1215 3763 1546 3848 ,quaedam
1587 3765 1857 3828 arbores
1908 3765 1978 3828 in
2019 3782 2101 3827 ea
2140 3768 2504 3831 creverunt.
2590 3761 2719 3825 His

390 3871 610 3929 tamen
651 3882 783 3930 non
826 3866 1236 3951 obstantibus
1274 3856 1486 3933 loc'um
1527 3869 1815 3952 ingressi
1867 3886 2117 3952 sumus,
2166 3875 2432 3953 propter
2474 3864 2721 3931 Christi

389 3971 723 4053 antiquum
764 3972 1145 4037 miraculum
1187 3974 1278 4037 ibi
1320 3973 1585 4059 factum,
1623 3982 1690 4037 et
1731 3974 2025 4041 oratione
2067 3974 2241 4038 dicta
2280 3972 2720 4058 indulgentias

390 4075 753 4157 recepimus
797 4070 932 4158 st).
1015 4078 1095 4151 In
1136 4077 1414 4162 quodam
1471 4079 1979 4162 peregrinatorio
2035 4079 2201 4164 legi,
2256 4076 2429 4164 quod
2481 4079 2550 4142 in
2608 4076 2722 4140 iu·

393 4181 715 4243 natatoria
754 4197 832 4244 se
873 4179 1035 4245 lavit
1075 4181 1462 4266 Bothum,
1505 4201 1670 4247 uxor
1734 4183 1960 4265 Uriae,
2019 4182 2277 4267 quando
2350 4201 2492 4247 eam
2556 4179 2721 4245 vidit

392 4276 614 4344 David
654 4300 740 4345 ex
783 4282 1061 4348 adverso
1103 4285 1333 4351 domus
1367 4304 1530 4350 suae
1549 4331 1571 4371 ,
1634 4294 1709 4350 et.
1738 4287 2150 4373 'concupivit‚
2193 4305 2274 4352 ac
2335 4286 2497 4351 tulit.
2583 4282 2720 4349 Sed

395 4380 522 4445 hoc
562 4401 687 4468 ego
726 4385 1092 4474 intelligere
1115 4410 1245 4456 non
1266 4408 1555 4475 possum,
1594 4408 1740 4455 cum
1769 4410 1898 4457 non
1919 4394 2131 4477 possit
2158 4409 2314 4550 «ase
2337 4396 2722 4474 prospectus
