3242 5259
1451 410 1582 478 14⁹

333 601 401 662 ln
427 596 786 678 civitatem,
806 610 923 676 pro
945 593 1114 655 eista
1153 590 1370 676 longa,
1392 605 1587 676 quam
1626 590 1751 656 sibi
1792 592 1932 655 fieri
1976 591 2219 657 feeerat
2261 591 2347 657 ad
2385 591 2686 658 cumbam

335 721 556 787 suain,
598 695 968 781 afferenda,
1033 714 1232 780 super
1272 705 1436 780 qua·
1454 698 1752 762 noctibus
1793 696 2127 783 dormiret,
2170 700 2323 782 quia
2363 699 2684 783 dedigna-

336 809 528 872 batur
556 806 781 890 jacere
820 803 890 866 iu
933 811 1138 884 terra,
1183 811 1249 865 et
1290 805 1534 865 stantia
1572 820 1698 866 sua
1738 802 1857 866 luit
1899 805 1967 866 in
2011 804 2123 867 tali
2166 803 2346 887 loeo,
2401 804 2574 889 quod
2614 806 2685 869 in

340 931 421 976 eo
459 913 672 994 potuit
727 912 965 973 cistam
1010 907 1244 978 loeare.
1330 906 1808 971 Deseendirnus
1873 926 2030 991 ergo
2076 909 2272 972 simul
2312 910 2379 973 in
2422 910 2685 974 barsam

339 1026 406 1079 et
466 1015 783 1084 venetias
827 1014 1112 1096 regressi
1155 1030 1417 1095 sumus,
1482 1022 1546 1076 et
1589 1023 1866 1096 accepta
1905 1016 2073 1076 cista
2135 1031 2281 1077 eam
2334 1032 2546 1098 usque
2597 1013 2684 1079 ad

337 1103 595 1206 galeam
638 1116 940 1181 duximus
984 1134 1133 1182 eum
1180 1118 1599 1200 difficultate,
1666 1128 1930 1202 propter
1968 1117 2429 1202 impedimenta
2468 1120 2682 1183 ventit

339 1235 406 1290 et
447 1224 632 1289 tarda
691 1224 854 1287 hora
911 1241 1058 1288 eum
1116 1224 1287 1287 cista
1337 1226 1407 1286 in
1470 1225 1758 1288 eadnam
1815 1223 2308 1308 descendimus,
2368 1233 2437 1286 et
2498 1224 2687 1288 miles

340 1333 551 1416 ipsam
595 1331 813 1413 posuit
850 1327 934 1391 ad
976 1329 1275 1392 cumbam
1312 1346 1501 1393 suam
1534 1348 1684 1394 eum
1711 1327 1953 1413 gaudio
1995 1338 2235 1413 putans
2268 1348 2346 1393 se
2383 1347 2688 1413 magnam

343 1437 625 1521 quietem
666 1433 1033 1497 habiturum
1075 1451 1275 1517 super
1314 1452 1476 1497 eam.
1523 1433 1660 1498 Sed
1700 1437 1761 1498 si
1806 1436 2113 1498 scivisset
2157 1435 2395 1517 futura,
2433 1453 2688 1518 nequa·

342 1560 535 1626 quarn
603 1540 911 1623 gavisus,
990 1536 1114 1600 sed
1176 1537 1729 1606 inconsolabiliter
1805 1541 2097 1604 turbatus
2160 1540 2413 1604 luisset.
2512 1538 2689 1602 Nam

341 1664 543 1730 super
583 1642 811 1707 eadem
867 1642 1035 1704 cista
1096 1642 1284 1706 miles
1344 1641 1456 1706 ille
1499 1643 1662 1708 dura
1704 1641 1855 1721 (5¹7
1875 1645 1985 1728 A)
2046 1655 2114 1710 et
2153 1644 2440 1709 horribili
2480 1651 2689 1707 morte

343 1751 530 1815 obiit:
578 1757 644 1811 et
685 1748 807 1811 fuit
847 1747 972 1810 sibi
1016 1765 1145 1811 non
1201 1748 1479 1812 lectulus
1523 1751 1794 1834 quietis,
1836 1749 1956 1813 sed
1998 1751 2341 1833 grabatum
2379 1749 2684 1832 aegritu-

346 1855 538 1937 dinis,
582 1862 649 1917 et
689 1869 867 1916 mare
908 1851 1297 1935 profundum
1341 1852 1464 1917 fnit
1505 1873 1695 1918 sunm
1737 1855 2065 1918 tumulum·
2093 1864 2161 1918 et
2203 1856 2678 1919 coemeterium.

348 1961 795 2025 Veruntamen
841 1975 969 2020 non
1012 1967 1152 2021 erat
1208 1957 1291 2021 de
1331 1962 1647 2022 societate
1704 1977 1869 2042 mea,
1912 1959 2033 2030 sed
2090 1960 2174 2024 de
2215 1949 2346 2023 alia
2386 1958 2683 2043 quadam.

348 2065 803 2150 Disposuimus
836 2081 993 2145 ergo
1020 2064 1290 2127 cumbas
1328 2071 1589 2127 nostras
1617 2081 1766 2127 enm
1808 2064 2066 2128 leetulis
2094 2063 2181 2129 ad
2218 2063 2686 2149 quioeeendum

346 2189 494 2238 oum
557 2169 755 2234 multo
819 2167 1096 2231 tumultu
1140 2177 1203 2231 et
1264 2168 1484 2232 labore
1527 2177 1591 2230 et
1652 2170 2121 2254 corrixatione,
2190 2170 2343 2253 quia
2400 2167 2684 2234 nondun

346 2277 594 2342 assueti
655 2282 863 2343 erant.
947 2271 1115 2336 Cum
1179 2283 1392 2338 autem
1452 2275 1591 2357 jam
1663 2275 1970 2338 tenebrae
2034 2281 2291 2355 essent,
2360 2282 2427 2337 et
2468 2271 2688 2336 omnia

347 2381 590 2446 lumina
613 2381 901 2443 extincta
935 2386 1000 2440 et
1026 2396 1252 2441 omnes
1275 2379 1577 2461 silerent3
1622 2397 1781 2442 eece
1814 2388 2053 2444 ventus
2077 2379 2687 2444 vehementissimus

344 2487 657 2566 surrexit,
721 2484 832 2568 qui
874 2501 1110 2547 navem
1153 2484 1409 2566 agitans
1471 2485 1661 2548 nobis
1701 2502 2014 2569 pavorem
2057 2493 2127 2548 et
2177 2483 2686 2568 inquietudinem

349 2592 529 2660 feeit.
613 2587 728 2651 Sie
769 2606 925 2671 ergo
966 2589 1155 2652 nobis
1189 2586 1560 2670 jacentibus
1604 2597 1670 2651 et
1722 2588 2067 2654 silentibus
2112 2599 2178 2653 et
2223 2588 2688 2655 dormientibus

347 2697 416 2761 in
459 2691 744 2758 tenebris
785 2702 848 2755 et
891 2693 1118 2758 timore
1159 2692 1488 2777 inopinate
1530 2693 1791 2776 quidam
1831 2695 2066 2758 nobilis
2107 2695 2359 2757 somnio
2400 2694 2687 2757 horribili

349 2798 729 2892 perterritus
794 2796 926 2859 alta
984 2809 1156 2861 voce
1201 2797 1366 2862 adeo
1432 2798 1802 2870 terribiliter
1851 2799 2133 2863 clamare
2188 2798 2435 2879 eoepit,
2497 2815 2578 2860 ae
2626 2797 2689 2860 si

347 2903 569 2990 gladio
628 2902 996 2987 perforatus
1031 2913 1263 2987 “esset3
1320 2903 1403 2970 ad
1458 2902 1647 2986 eujus
1696 2904 2012 2969 clamores
2075 2919 2302 2967 omnes
2364 2903 2433 2964 in
2492 2899 2687 2985 galea

354 3009 808 3094 expergefacti.
859 3017 1201 3092 stupentes
1271 3017 1336 3071 et
1395 3009 1464 3072 in
1507 3009 1794 3073 tenebris
1848 3005 2314 3076 tumultuantes
2374 3007 2688 3090 putabant

356 3115 623 3179 militem
687 3114 957 3177 latronis
1029 3112 1303 3196 alicujus
1368 3131 1675 3177 mucrone
1739 3114 2111 3180 confossum
2128 3160 2148 3198 ‚
2219 3122 2286 3176 et
2340 3121 2689 3196 surgentes

348 3219 606 3284 nobiles
645 3217 901 3301 gladios
941 3234 1099 3280 suos
1141 3219 1208 3279 in
1237 3219 1520 3283 tenebris
1563 3219 1989 3306 quaerebant:
2036 3220 2147 3284 alil
2181 3218 2265 3282 sd
2308 3217 2688 3302 fugiendum

349 3342 428 3387 se
468 3323 804 3408 parabant,
848 3322 1150 3386 timentes
1189 3323 1554 3406 peregrinis
1591 3340 1744 3387 esse
1785 3323 2047 3408 aliquod
2090 3325 2325 3388 malum
2371 3331 2686 3407 paratum,

355 3438 420 3492 et
464 3429 680 3493 faetus
715 3428 841 3492 fuit
879 3427 1284 3511 periculosus
1328 3426 1638 3492 tumultus
1680 3429 1747 3492 in
1791 3438 1927 3493 tota
1976 3427 2170 3513 galea
2209 3427 2500 3491 iuferius.
2547 3425 2686 3491 Sed

352 3533 743 3598 eollateralis
804 3532 1014 3616 illius,
1091 3533 1202 3617 qui
1263 3532 1691 3619 clamaverat,
1772 3553 1909 3597 rem
1946 3533 2320 3616 intelligens
2381 3531 2692 3600 clamavit

351 3656 518 3703 vooe
557 3656 831 3725 magna,
874 3649 1140 3723 petens,
1185 3647 1258 3702 ut
1301 3638 1566 3723 quilibet
1609 3656 1690 3701 se
1728 3637 1796 3700 iu
1830 3637 2042 3704 loeum
2084 3656 2273 3704 suum
2318 3645 2691 3720 reponeret,

350 3743 580 3828 sieque
619 3764 753 3808 nox
804 3744 933 3808 ista
989 3744 1289 3808 transivit
1345 3761 1494 3806 cum
1535 3759 1660 3805 sua
1721 3742 2183 3848 inquietudine.
2257 3742 2345 3806 Bt
2388 3741 2689 3808 dominns

354 3857 666 3932 patronus
703 3850 988 3914 nondum
1029 3847 1287 3935 galeam
1326 3850 1707 3924 intraverat.
1892 3899 1903 3912 .
2020 3859 2031 3870 ·

518 3952 827 4017 Secunda
868 3955 974 4019 die
1009 3953 1213 4040 Junii,
1255 3962 1408 4017 ante
1447 3960 1683 4016 ortum·
1696 3951 1859 4026 solis
1903 3950 2083 4016 venit
2119 3889 2416 4016 dorninus
2457 3960 2690 4036 patro-

355 4074 482 4122 nus
524 4075 673 4122 eum
714 4060 856 4123 suis
894 4061 1132 4142 servis,
1161 4068 1228 4122 et
1270 4077 1420 4123 enm
1460 4058 1636 4124 omni
1677 4056 1921 4124 familia
1959 4074 2112 4139 sua,
2170 4055 2419 4121 dueens
2465 4074 2690 4121 seeum

353 4162 667 4245 quosdam
708 4167 1108 4248 peregrinos,
1149 4181 1315 4247 quos
1358 4172 1657 4228 recenter
1693 4163 1761 4225 iu
1800 4159 2057 4245 galeam
2099 4171 2456 4246 aeeeperet.
2516 4164 2694 4225 Inter

353 4285 520 4350 quos
563 4276 703 4332 erat
742 4268 1005 4354 quidam
1043 4267 1468 4333 Flandrensis
1512 4287 1660 4332 enm
1700 4285 1825 4331 sua
1862 4286 2066 4332 uxore
2119 4267 2369 4331 intrans
2409 4264 2687 4347 galeam.

351 4370 459 4434 Ad
497 4374 867 4456 ingressum
907 4382 1126 4437 autem
1164 4372 1342 4437 illius
1389 4374 1678 4440 mulieris
1715 4372 1900 4436 multi
1944 4371 2180 4436 turbati
2226 4372 2529 4447 fuerunt,
2571 4383 2690 4450 pro

357 4493 478 4561 eo,
529 4476 701 4561 quod
764 4478 910 4562 ipsa
974 4478 1118 4543 sola
1185 4487 1326 4542 erat
1385 4480 1453 4542 in
1518 4476 1748 4559 galea,
1822 4478 1975 4562 quia
2016 4475 2197 4540 nulla
2260 4468 2492 4536 mulier
2553 4477 2697 4535 erat
