3242 5259
1391 361 1521 428 2¹5

283 591 586 716 ffiecfio
655 610 1196 714 peregrinorum
1245 608 1341 684 de
1417 608 1693 710 templo
1769 606 2008 684 sancti
2075 610 2479 712 sepulchri,
2551 621 2632 688 et

286 734 606 812 visitatio
655 733 1014 823 locorum,
1087 730 1163 806 in
1213 727 1476 829 quibus
1529 726 2029 825 indulgentiae
2092 729 2450 810 habentur
2497 754 2630 834 per

1044 848 1421 926 circuitu-i
1475 847 1867 925 ecclesiae.

450 1033 684 1098 Finitis
705 1031 962 1098 Officiis
1005 1039 1074 1096 et
1109 1031 1342 1098 Missis
1385 1029 1737 1098 celebratis
1771 1041 2092 1095 venerunt
2133 1032 2373 1096 domini
2411 1034 2628 1097 Mauri

282 1139 552 1222 pagani,
617 1146 683 1200 et
733 1136 973 1219 januas
1031 1135 1354 1200 ecclesiae
1399 1137 1884 1220 patefecerunt,
1953 1136 2271 1202 facientes
2325 1156 2629 1221 magnum

281 1245 613 1327 strepitum
659 1239 742 1304 ad
786 1240 1053 1323 valvas,
1119 1248 1193 1303 ut
1250 1243 1445 1308 citius
1508 1245 1854 1308 exiremus.
1943 1238 2091 1319 Quo
2143 1242 2364 1306 audito
2426 1246 2631 1309 territi

278 1365 506 1414 sumus
547 1347 790 1432 pariter
831 1353 900 1409 et
939 1347 1180 1409 turbati
1223 1366 1342 1431 pro
1377 1347 1800 1429 separatione
1842 1362 1883 1408 a
1926 1353 2058 1410 tam
2097 1345 2399 1412 dulcibus
2442 1349 2628 1433 locis,

279 1460 350 1515 et
390 1453 795 1516 cucurrimus
866 1469 983 1534 per
1041 1451 1218 1535 loca,
1285 1451 1746 1515 deosculantes
1812 1469 1929 1533 σας
1992 1451 2169 1515 circa
2236 1470 2408 1536 quae
2474 1452 2626 1519 dum

281 1574 496 1622 moras
571 1555 862 1620 facerent
941 1557 1299 1638 peregrini,
1356 1557 1660 1619 commoti
1718 1563 1876 1622 sunt
1951 1555 2199 1638 Mauri,
2265 1564 2332 1619 et
2386 1557 2630 1641 januas

283 1661 504 1743 templi
546 1668 1017 1726 concusserunt
1059 1659 1331 1740 sortiter,
1362 1658 1526 1723 adeo
1571 1659 1746 1743 quod
1790 1659 2097 1725 cardines
2136 1661 2516 1746 stridebant,
2559 1671 2630 1727 et

280 1765 692 1834 horribilibus
747 1764 1135 1828 clamoribus
1181 1764 1629 1830 discurrebant
1671 1784 1790 1848 per
1830 1765 1971 1828 loca
2010 1774 2243 1829 sancta
2260 1812 2285 1848 ‚
2325 1775 2390 1830 et
2432 1787 2628 1852 pere-

279 1873 501 1954 grinos
547 1872 616 1932 vi
681 1869 762 1931 ab
832 1869 933 1950 eis
985 1867 1420 1951 repellebant,
1479 1878 1668 1931 extra
1731 1869 2076 1933 eeclesiam
2120 1870 2461 1953 ejiciebant
2503 1891 2627 1938 nos

283 1992 541 2058 omnes,
604 1973 837 2037 demtis
896 1972 1227 2036 consuetis
1295 1972 1675 2036 custodibus
1722 1975 1934 2038 sancti
1973 1975 2328 2058 sepulchri.
2414 1977 2628 2044 Nobis

281 2090 495 2143 autem
540 2078 769 2160 ejectis
812 2077 1185 2142 clauserunt
1231 2075 1462 2140 valvas
1508 2078 1869 2162 ecclesiae,
1914 2087 1980 2141 et
2024 2080 2353 2165 abierunt,
2395 2100 2518 2146 nos
2558 2084 2629 2148 in

275 2186 439 2252 atrio
507 2184 972 2270 relinquentes.
1075 2183 1172 2246 Ibi
1249 2183 1483 2245 iterum
1555 2181 1637 2247 ad
1704 2184 2150 2247 visitationem
2220 2186 2627 2270 quorundam

277 2290 567 2356 locorum
606 2296 974 2353 sanctorum
1027 2285 1265 2372 templo
1311 2286 1795 2354 cohaerentium
1851 2305 1973 2351 nos
2015 2287 2479 2358 ordinavimus.

280 2536 401 2613 De
455 2534 624 2611 loco
638 2588 660 2629 ‚
699 2532 778 2607 in
818 2555 959 2634 quo
1007 2530 1249 2608 Maria
1299 2532 1540 2633 Virgo
1588 2542 1673 2610 et
1713 2532 1772 2610 J
1772 2533 2098 2610 ohannes
2139 2491 2626 2635 Evangelists

400 2654 689 2732 stabant
731 2654 867 2731 sub
918 2676 1136 2732 cruce
1178 2652 1406 2747 Jesu‚
1470 2651 1759 2754 quando
1813 2678 1949 2732 eos
1991 2654 2128 2731 sibi
2175 2654 2487 2731 invicem

1105 2887 1116 2896 .
1165 2774 1714 2852 commendavit.

444 2959 662 3022 Primo
720 2971 876 3040 ugo
915 2956 1008 3020 de
1043 2957 1212 3022 estio
1275 2955 1602 3021 ecclesiae
1663 2954 2133 3020 declinavimus
2179 2954 2262 3020 ad
2306 2955 2624 3040 dextrum,
2674 2969 2685 2978 ·

279 3073 342 3125 et
385 3064 475 3127 ibi
515 3063 601 3127 ad
644 3079 892 3126 aarum
929 3061 1152 3145 templi
1195 3070 1302 3126 est
1339 3059 1710 3125 adscensus
1751 3079 1870 3144 per
1906 3059 2152 3144 gradus
2211 3061 2502 3145 lapideos
2541 3062 2625 3126 ad

278 3176 565 3232 montem
590 3168 959 3251 calvari-e,
993 3177 1060 3232 et
1103 3167 1253 3231 olim
1297 3179 1500 3248 supra
1533 3166 1781 3248 gradus
1824 3176 1963 3229 erat
2002 3166 2261 3250 estium,
2292 3186 2410 3250 per
2451 3164 2623 3251 quod

277 3273 626 3337 introibant
667 3273 748 3337 ad
803 3272 1140 3355 scopulum
1187 3270 1571 3354 calvariae,
1633 3271 1807 3354 quod
1862 3273 2100 3335 ostium
2148 3269 2285 3353 jam
2343 3281 2445 3335 est
2510 3291 2629 3355 per

278 3376 682 3443 Sarracenos
721 3378 1146 3443 obstructum.
1230 3375 1368 3440 Sub
1410 3377 1558 3440 istis
1600 3386 1814 3439 autem
1875 3376 2185 3459 gradibus
2221 3386 2323 3440 est
2365 3377 2624 3458 estium,

278 3501 397 3566 per
437 3484 610 3567 quod
654 3493 758 3547 est
796 3483 1097 3545 introitus
1137 3484 1205 3545 in
1251 3500 1444 3544 unam
1490 3482 1829 3565 capellam,
1859 3498 2029 3565 quae
2070 3490 2175 3544 est
2217 3482 2388 3543 intra
2433 3488 2626 3564 septa

278 3582 604 3647 ecclesiae
642 3588 856 3650 aneti
895 3587 1244 3669 sepulchri,
1272 3587 1352 3649 ab
1381 3588 1559 3650 intus
1601 3598 1820 3651 tamen
1848 3595 1957 3652 est
1990 3601 2176 3650 mure
2210 3586 2621 3670 clrcumdata,

273 3687 449 3771 quod
492 3708 682 3753 neme
722 3692 806 3754 ab
852 3692 1020 3755 intra
1063 3710 1206 3753 eam
1248 3691 1501 3774 ingredi
1542 3702 1785 3776 potest,
1838 3695 1992 3778 quia
2034 3691 2382 3755 Sarraceui
2429 3693 2622 3756 etiam

276 3792 426 3875 ejus
460 3795 732 3859 interius
773 3798 1009 3861 ostium
1037 3798 1514 3862 obsmerunt.
1559 3800 1646 3860 Et
1688 3800 1756 3861 in
1800 3801 1928 3861 ista
1970 3797 2231 3880 capella
2271 3803 2376 3860 est
2419 3798 2623 3882 locus,
2722 3803 2739 3816 ⁶

275 3899 344 3960 in
386 3913 515 3982 quo
557 3900 934 3965 beatissima
953 3902 1163 3988 Virgo
1183 3901 1400 3965 Beria
1440 3911 1506 3964 et
1545 3912 1816 3966 sanctus
1831 3904 2168 3968 Jcbaunes
2194 3904 2624 3987 Evangelista

275 4010 596 4074 steterunt
640 4007 762 4070 sub
801 4023 1015 4091 cruce,
1058 4006 1142 4069 ad
1184 4006 1470 4070 radicem
1515 4008 1770 4090 scopuli
1794 4007 2156 4090 calvariae,
2200 4010 2464 4093 quaudo
2508 4029 2623 4073 eos

276 4105 504 4170 ambos
563 4107 731 4173 vidit
774 4111 1093 4175 Dominus
1135 4095 1396 4195 Jesus,'
1429 4121 1494 4176 et
1549 4114 1920 4180 Jobannem
1966 4117 2182 4198 matri,
2244 4123 2312 4178 et
2353 4124 2621 4179 matrem

274 4208 590 4293 discipulo
630 4215 1125 4284 commendavit.
1209 4220 1286 4281 Iu
1328 4219 1454 4283 hcc
1493 4229 1723 4283 sancto
1792 4221 1933 4284 loco
1975 4218 2404 4305 procIdimus,
2449 4228 2511 4281 et
2556 4221 2622 4280 in

274 4323 448 4378 terra
487 4323 787 4400 prostrati
825 4322 1263 4408 indulgentias
1304 4326 1682 4409 accepimus
1726 4328 1859 4408 st).
