3242 5259
1605 320 1776 389 “448

533 502 656 568 ,illa
698 516 964 567 muuera
982 545 1002 580 ,
1058 501 1253 567 etiam
1304 511 1563 586 praeter
1619 504 1967 587 mysticam
2020 502 2595 587 significationem,
2646 500 2925 566 fuerint

548 609 760 683 wilia.
843 608 1083 671 Dicunt
1138 607 1334 670 enim.
1385 608 1693 672 historiae
1714 653 1734 690 ‚
1790 608 1967 692 quod
2015 611 2299 691 primus,
2343 609 2739 690 Melch'ior5
2797 610 2927 669 r'ex

549 712 859 795 Anabum,
910 710 1140 774 obtulit
1180 729 1403 775 aurum
1426 715 1493 777 in
1525 714 1825 796 pecunia,
1866 720 1935 775 et
1977 732 2250 797 parvum
2281 730 2569 795 pannum
2592 730 2926 792 aureum,

548 821 661 903 qni
702 835 896 880 manu
936 816 1237 880 concludi
1265 825 1550 899 poterat.
1639 818 1837 880 Hunc
1877 830 2167 900 pannum
2196 816 2575 883 Alexander
2597 820 2928 898 Magnus

550 925 882 1007 accipiens
944 920 1027 984 de
1084 922 1390 989 omnibus
1427 922 1641 984 ·terris
1711 922 1836 985 sibi
1888 922 2170 986 subditis
2207 938 2433 1012 aurum
2472 921 2793 987 confecit
2838 917 2930 981 de

550 1030 723 1094 omni
765 1047 941 1109 auro,
985 1024 1380 1090 concludens
1423 1040 1576 1089 cunr
1593 1044 1785 1088 manu
1824 1028 1892 1088 iu
1913 1029 2173 1110 signum
2205 1029 2554 1115 potentiae,
2596 1035 2671 1089 et
2716 1025 2931 1088 venit

549 1130 620 1196 in
662 1150 930 1216 regnum
975 1130 1278 1194 Arabiae.
1367 1129 1540 1193 Dum
1589 1139 1804 1201 autem
1828 1131 2148 1195 Melchior
2165 1148 2445 1214 pannum
2478 1131 2664 1197 illum
2696 1146 2930 1213 puero

553 1240 934 1301 inmauum·
963 1244 1269 1318 poneret,
1299 1236 1553 1298 -statim
1622 1236 1695 1298 in
1735 1232 1872 1319 (Β)
1930 1238 2212 1298 cinerem
2269 1234 2597 1299 resolutus
2641 1243 2810 1317 est,
2852 1240 2934 1295 ut

553 1343 1025 1424 ostenderetur,
1070 1339 1330 1405 Christi·
1364 1348 1635 1423 regnum
1685 1358 1816 1403 non
1860 1356 2012 1403 esse
2053 1340 2135 1404 de
2171 1341 2297 1404 hoc
2336 1338 2578 1405 mundo
2618 1342 2933 1420 corrup-

553 1448 752 1530 tibili,
817 1456 918 1509 ut·
955 1445 1190 1509 dicitur
1227 1445 1382 1509 Joh.
1421 1440 1672 1508 XVIII.
1758 1443 2016 1508 Dicitur
2074 1447 2325 1527 etiam,·
2365 1443 2539 1528 quod
2598 1444 2729 1513 illu
2800 1460 2932 1506 rex

555 1551 800 1629 obtulit,
826 1548 1088 1615 Christo
1126 1550 1322 1627 XXX
1374 1558 1729 1632 ,argenteos
1745 1578 1793 1630 ‚·
1829 1549 2063 1631 quibus
2102 1556 2333 1630 postea
2402 1549 2718 1615 venditus
2770 1546 2930 1629 suit,

553 1665 624 1719 ut
668 1655 881 1739 patuit
921 1654 1033 1718 fol.
1081 1655 1223 1719 163.
1269 1655 1350 1717 A.
1435 1653 1801 1737 Secundus,
1847 1673 1964 1716 rex
2002 1650 2199 1734 Saba,
2240 1654 2606 1737 Baithasar‚
2662 1648 2928 1716 obtulit

501 1764 508 1771 '
553 1761 706 1837 thus
750 1761 1104 1841 copiosum.
1193 1759 1451 1822 Tertius
1489 1760 1670 1840 vero,
1714 1747 2005 1840 Caspar',
2048 1776 2165 1819 rex
2190 1755 2581 1840 Aethiopum
2601 1799 2622 1838 ,
2668 1750 2931 1819 obtulit

556 1841 881 1948 myrrham
922 1863 1293 1944 pretiosam.
1378 1863 1688 1926 Nonnulli
1717 1865 1931 1927 tamen
1954 1860 2397 1944 dicunt‚,quod
2419 1861 2660 1963 singuli
2680 1856 2927 1925 omnia

557 1971 683 2035 tria
724 1965 1107 2030 obtulerunt.

562 2216 685 2292 De
743 2212 1084 2317 cisterna,
1123 2212 1197 2286 in
1244 2235 1452 2311 quam
1505 2212 1775 2289 cecidit
1818 2213 2205 2313 Magorum
2236 2209 2455 2294 stella
2502 2207 2915 2299 ministerio

859 2362 868 2371 ·
1061 2332 1070 2341 '
1470 2354 1605 2406 suo
1659 2332 1982 2434 explete.

637 2532 646 2547 ·
731 2516 1077 2609 oblatione
1119 2522 1342 2578 nostra
1381 2520 1653 2595 peracta
1705 2515 1772 2577 in
1811 2516 2183 2597 ‘oblationis
2238 2515 2384 2579 loco
2446 2512 2916 2578 descendimus

559 2622 628 2685 in
659 2634 664 2641 ‘
690 2621 836 2703 ipsa
877 2624 1109 2703 crypta
1171 2636 1385 2702 usque
1447 2617 1531 2681 ad
1587 2617 1805 2701 finem,
1850 2629 1917 2683 et
1958 2622 2024 2683 ln
2070 2620 2310 2704 angulo
2352 2619 2654 2682 sinistrae
2696 2616 2913 2700 partis

563 2735 838 2809 cryptae
883 2724 966 2787 ad
1007 2741 1222 2801 uuum,
1249 2723 1544 2786 foramen
1578 2724 1880 2785 venimus
1920 2741 2049 2788 nou
2094 2742 2419 2809 maguum,
2457 2725 2579 2786 sub
2623 2739 2757 2804 quo
2803 2716 2914 2783 esst

565 2833 848 2911 cisterna
870 2827 1186 2912 profunda
1211 2848 1231 2909 3
1261 2846 1388 2890 nou
1431 2835 1649 2890 tamen
1680 2836 1896 2910 potest
1920 2829 2003 2892 de
2023 2847 2105 2892 ea
2139 2829 2381 2893 hauriri
2406 2844 2597 2910 aqua,
2637 2833 2912 2909 propter

566 2934 862 2998 aedificia
902 2930 1462 3015 superaedificata.
1550 2933 1869 3014 Tempore
1910 2936 2122 2996 autem
2150 2930 2397 2995 Christi
2440 2938 2579 2999 erat
2620 2930 2911 2993 cisterna

565 3044 841 3120 pateus·
901 3038 978 3098 Iu
1019 3038 1190 3100 hanc
1230 3039 1578 3100 cisternam
1642 3036 1879 3101 dicitur
1918 3036 2241 3100 cecidisse
2279 3035 2478 3100 stella
2517 3034 2665 3117 illa,
2710 3033 2904 3116 cujus

487 3214 496 3222 ‚
567 3139 924 3204 ministerio
1004 3140 1182 3203 ducti
1249 3141 1506 3203 fuerant
1576 3139 1764 3233 Magi
1827 3140 1907 3204 ab
1974 3140 2251 3221 oriente,
2343 3146 2410 3202 et
2485 3140 2574 3202 ibi
2637 3135 2911 3200 reducta

573 3244 697 3306 suit
751 3244 820 3305 in
868 3241 1355 3324 praejacentem
1419 3244 1772 3307 materiam.
1857 3244 2075 3325 Hujus
2138 3244 2465 3327 opinionis
2508 3249 2663 3305 sunt
2720 3238 2907 3304 multi

573 3346 871 3411 doctores
913 3345 1258 3437 catholici..
1318 3347 1406 3409 Et
1446 3346 1514 3408 in
1555 3345 1752 3428 hujus
1796 3351 2169 3411 memoriam
2214 3345 2590 3409 derelictum
2638 3345 2763 3409 fuit
2817 3341 2908 3407 ibi

577 3453 865 3517 foramen
907 3449 1089 3515 illud.
1172 3448 1277 3512 De
1329 3450 1456 3512 hoc
1495 3458 1695 3532 puteo
1738 3451 1846 3513 sic·
1878 3451 2159 3534 loquitur
2205 3449 2276 3513 S.
2322 3448 2711 3533 Gregorius,
2757 3449 2906 3531 epi-

577 3572 818 3640 mopus
879 3554 1296 3617 thorunensis
1318 3597 1340 3636 ,
1414 3555 1483 3616 in
1576 3554 1742 3616 libro
1819 3554 2264 3621 miraculorum
2283 3598 2304 3637 ‚
2372 3561 2665 3636 tempore
2734 3552 2908 3616 beati

579 3662 878 3744 Gregorii
937 3660 1183 3743 papae,
1241 3657 1509 3721 dicens:
1575 3666 1681 3720 est
1757 3659 1826 3719 in
1879 3660 2254 3723 Bethlehem
2318 3665 2553 3741 puteus
2607 3670 2909 3738 magnus,

563 3764 665 3828 -de
685 3783 831 3847 ·quo
872 3765 1083 3828 Maria
1121 3762 1411 3846 gloriosa
1451 3759 1655 3824 fertur
1695 3778 1932 3845 aquam
1972 3763 2309 3844 hausisse,
2370 3762 2438 3824 in
2480 3777 2608 3842 quo
2643 3759 2908 3840 saepius

578 3868 1044 3949 aspicientibus
1083 3867 1457 3941 miraculum
1498 3865 1751 3929 illustre
1793 3875 2207 3951 monstratur,
2248 3863 2442 3928 stella
2480 3863 2733 3927 scilicet
2774 3860 2907 3940 illa,

443 4031 453 4039 .
563 3988 753 4055 -qnae
790 3971 995 4035 tribus
1034 3971 1262 4054 Magis
1311 3971 1642 4053 apparuit,
1673 3970 2111 4034 ’venientibus
2154 3969 2327 4031 enim
2370 3966 2643 4031 devotis·
2669 3980 2905 4033 acre-

561 4074 1026 4141 .cumbentibus
1049 4092 1269 4157 super
1309 4083 1387 4138 os
1430 4074 1629 4157 putei,
1675 4076 1971 4156 operiunt
2013 4092 2232 4136 eorum
2257 4071 2472 4154 capita
2494 4070 2714 4150 linteo,
2754 4076 2906 4130 tuuc

559 4177 873 4259 .in·cujus
916 4176 1211 4239 meritum
1263 4177 1637 4260 obtinuerit,
1681 4172 1868 4239 videt
1908 4176 2168 4240 stellum
2211 4178 2290 4239 ab
2337 4192 2474 4238 una
2507 4180 2694 4255 parte
2733 4169 2906 4254 putei

561 4299 775 4365 ‹super
815 4294 1028 4364 aquas
1082 4283 1541 4364 transmigrare
1602 4279 1684 4343 ad
1728 4280 1915 4342 aliam
1935 4324 1954 4361 ‚
1992 4282 2065 4342 in
2105 4280 2215 4343 illo
2259 4279 2487 4361 mode,
2530 4293 2665 4361 quo
2696 4272 2904 4338 solent

559 4389 696 4470 ‘per
742 4385 908 4451 coeli
957 4382 1267 4451 circulum
1301 4383 1549 4447 ‘stellae
1591 4383 1951 4447 transferri.
2040 4384 2131 4447 Et
2150 4382 2319 4448 -dum
2349 4381 2532 4448 multi
2570 4378 2905 4463 aspiciunt,
