3242 5259
1503 357 1636 433 ΞΩ

392 548 653 632 inquam
696 546 868 610 bona
910 553 977 609 et
1026 544 1304 629 optima,
1352 562 1523 630 quae
1573 549 1641 612 iu
1696 547 2207 614 foecundissimo
2256 549 2367 615 illo
2432 550 2580 614 sinu
2624 557 2734 614 tuo

393 672 478 717 ex
519 669 675 715 arca
714 650 969 735 paterni
1009 648 1227 714 cordis
1288 650 1574 716 coeleste
1613 669 1892 737 granum
1956 654 2324 738 suscipiens
2377 661 2599 718 tantas
2649 669 2734 718 ex

392 773 676 841 superno
714 756 964 818 semine
1006 761 1355 838 martyrum
1401 765 1667 840 segetes
1706 757 2053 843 protulisti,
2086 767 2150 822 et
2192 758 2605 823 nihilominus
2649 779 2734 823 ex

394 861 565 927 omni
609 860 854 945 reliquo
895 858 1182 926 fidelium
1211 877 1455 944 genere
1486 861 1765 927 fructum
1802 863 2035 928 fertilis
2076 862 2310 947 glebae
2336 863 2732 929 tricesimum

393 975 459 1034 et
498 966 981 1049 sexagesimum
1027 972 1091 1027 et
1133 967 1555 1031 centesimum
1620 986 1821 1052 super
1881 986 2135 1032 omnem
2197 976 2439 1032 terram
2501 968 2729 1032 multi-

392 1072 646 1156 pliciter
685 1070 1062 1154 procreasti.
1149 1068 1338 1134 Unde
1396 1081 1463 1135 et
1506 1071 1590 1136 de
1631 1091 1871 1158 magna
1911 1072 2319 1138 multitudine
2361 1071 2727 1138 dulcedinis

391 1186 545 1240 tuae
585 1175 803 1238 satiati
869 1184 935 1239 et
994 1174 1479 1259 opulentissime
1519 1178 1802 1262 saginati
1845 1183 2215 1244 memoriam
2272 1177 2728 1261 abundantiae,

391 1280 735 1345 suavitatis
799 1288 952 1343 tuae
1001 1279 1241 1365 ubique
1283 1289 1598 1366 eructant,
1644 1284 1756 1367 qni
1799 1292 1866 1347 te
1905 1283 2242 1369 viderunt,
2286 1293 2351 1346 et
2392 1301 2601 1368 usque
2642 1280 2729 1347 ad

390 1395 749 1449 extremum
790 1392 1003 1447 terrae
1058 1383 1603 1467 magnificentiam
1671 1388 1920 1472 gloriae
1982 1397 2138 1453 tuae
2202 1389 2551 1474 loquuntur
2604 1385 2726 1468 eis,

391 1490 502 1573 qul
560 1508 691 1553 non
752 1485 1087 1570 viderunt,
1159 1497 1224 1552 et
1280 1500 1579 1555 enarrant
1648 1489 1994 1578 mirabilia,
2059 1512 2230 1578 quae
2281 1497 2351 1558 iu
2417 1501 2484 1557 te
2547 1498 2720 1556 sunt.

389 1592 693 1659 Gloriosa
731 1592 904 1657 dicta
945 1601 1103 1657 sunt
1145 1592 1228 1656 de
1269 1600 1358 1678 te,
1382 1597 1618 1661 civitas
1658 1598 1802 1663 Dei.
1847 1597 1983 1663 Sed
2016 1598 2154 1682 jam
2196 1617 2281 1662 ex
2319 1597 2446 1680 his,
2487 1597 2724 1682 quibus

389 1698 632 1781 affluis,
661 1698 944 1781 laetitiis,
995 1716 1118 1763 nos
1161 1717 1417 1783 quoque
1456 1704 1783 1784 gustaturi
1824 1703 1906 1767 ab
1950 1702 2287 1767 occidente
2318 1701 2723 1784 advenimus,

390 1812 456 1868 et
499 1820 656 1866 ecce
719 1804 787 1866 in
850 1812 1118 1887 aspectu
1176 1814 1287 1868 tuo
1354 1803 1745 1888 liquefactae
1799 1817 1958 1872 sunt
2016 1807 2273 1871 animae
2304 1813 2585 1870 nostrae
2637 1824 2723 1869 ex

386 1907 814 1972 redundantia
854 1916 1010 1971 tuae
1050 1907 1428 1973 dulcedinis.
1514 1908 1825 1974 Oratione
1879 1912 2078 1995 igitur
2117 1911 2302 1975 finita
2342 1909 2721 1974 reascendi-

385 2027 531 2076 mus
566 2012 789 2075 asinos
830 2031 987 2095 prae
1028 2012 1266 2097 gaudio
1307 2013 1533 2078 oculos
1592 2015 1824 2098 plenos
1868 2016 2222 2100 lachrymis
2291 2015 2608 2079 babentes
2652 2021 2723 2079 et

385 2117 683 2182 maxillas
723 2115 1077 2181 madentes.
1142 2116 1535 2183 Sacerdotes
1579 2137 1736 2204 ergo
1780 2128 1848 2184 et
1888 2121 2177 2205 religiosi
2220 2119 2413 2183 simul
2456 2118 2721 2186 adunati

383 2223 763 2306 inceperunt
804 2230 1101 2290 eantare:
1161 2221 1257 2285 'l'e
1287 2222 1500 2286 Deum
1565 2222 1904 2288 laudamus
1937 2232 2086 2307 etc.,
2130 2225 2462 2288 submissa
2503 2234 2720 2288 tamen

382 2334 452 2390 et
493 2326 717 2391 humili
784 2343 978 2410 voce,
1041 2346 1127 2390 ne
1200 2327 1503 2392 ductores
1566 2338 1828 2393 nostros
1902 2327 2412 2412 offenderemus,
2482 2329 2720 2414 quibus

373 2427 623 2516 jubilus
681 2439 905 2494 noster
969 2429 1143 2495 altus
1186 2439 1256 2495 et
1311 2433 1700 2496 manifestus
1753 2433 1927 2497 forte
1992 2432 2455 2516 displicuisset.
2538 2432 2719 2498 Altis

382 2554 541 2620 ergo
578 2535 853 2600 vocibus
903 2538 1144 2600 mentis
1187 2537 1627 2621 cantavimus,
1692 2538 1847 2623 quia
1887 2539 2123 2622 ingens
2175 2536 2378 2601 altum
2420 2546 2488 2601 et
2528 2556 2721 2624 mag-

380 2659 535 2704 num
577 2647 717 2703 erat
758 2638 1086 2724 gaudium,
1109 2660 1237 2726 quo
1274 2643 1730 2727 exultavimus,
1754 2641 1955 2707 nullis
1974 2641 2248 2706 vocibus
2291 2643 2718 2707 exterioribus

385 2741 785 2828 explicabile.
850 2747 998 2810 Hoc
1039 2747 1210 2810 enim
1251 2745 1558 2831 gandium
1599 2765 1732 2810 non
1774 2766 1860 2811 ex
1896 2746 2207 2829 passione
2248 2753 2423 2829 erat,
2471 2744 2593 2809 sed
2633 2764 2720 2810 ex

384 2852 668 2934 ratione,
736 2868 866 2913 non
921 2868 1006 2915 ex
1079 2854 1448 2934 praesentia
1507 2853 1635 2916 reiv
1672 2850 2229 2935 concupiscibilis,
2290 2848 2410 2912 sed
2473 2850 2570 2914 rei
2633 2868 2720 2914 ex

382 2954 704 3019 charitate
746 2954 1107 3037 diligibilis:
1172 2974 1302 3019 non
1346 2966 1484 3020 erat
1531 2954 1839 3040 gaudium
1905 2955 2401 3019 dissolutionem
2443 2951 2718 3037 faciens,

381 3058 504 3123 sed
543 3058 972 3123 maturitatem
1015 3060 1365 3146 inducens,
1430 3080 1560 3126 non
1615 3061 1861 3125 excitat
1918 3061 2118 3124 risum
2134 3104 2155 3142 ‚
2212 3058 2333 3122 sed
2374 3066 2594 3122 movet
2633 3055 2720 3122 ad

380 3163 780 3246 singultum:
861 3182 991 3228 non
1063 3165 1363 3230 dissolvit
1436 3184 1709 3250 corpus,
1773 3165 1896 3229 sed
1952 3166 2236 3229 concutit
2296 3170 2511 3229 artus:
2586 3182 2719 3229 non

380 3263 543 3349 (θ’
565 3266 676 3350 A)
727 3265 958 3332 dilatat
1021 3288 1099 3334 os
1142 3270 1224 3334 ad
1287 3271 1656 3353 ridendum,
1720 3270 1844 3334 sed
1907 3270 2294 3353 constringit
2335 3268 2589 3333 vultum
2633 3267 2719 3331 ad

378 3369 697 3436 flendum:
768 3389 896 3436 uon
956 3383 1173 3439 movet
1215 3375 1299 3439 ad
1364 3375 1794 3461 loquendum,
1860 3374 1982 3440 sed
2033 3374 2116 3438 ad
2174 3372 2528 3458 silendum3
2586 3390 2719 3436 non

378 3476 592 3561 prodit
633 3477 702 3539 in
742 3477 1090 3563 publicum,
1114 3479 1235 3544 sed
1271 3481 1542 3545 retrahit
1577 3482 1645 3543 in
1687 3479 2030 3563 angulum:
2068 3497 2200 3543 non
2227 3477 2388 3541 facit
2416 3475 2717 3560 clamare,

375 3580 498 3645 sed
536 3582 770 3664 spiritu
811 3599 1000 3646 orare
1039 3590 1110 3646 et
1144 3583 1450 3666 psallere.
1509 3581 1677 3647 Cum
1721 3584 1831 3648 illo
1878 3600 2034 3667 ergo
2077 3579 2390 3645 ineffabili
2433 3589 2499 3643 et
2540 3579 2719 3674 dulci

373 3685 613 3770 gaudio
652 3688 956 3750 venimus
1004 3704 1203 3771 super
1243 3706 1473 3772 agrum
1513 3688 1818 3771 fullonis,
1872 3689 1942 3750 in
1983 3706 2110 3772 quo
2154 3685 2337 3749 stetit
2376 3683 2718 3768 Rapsaces

376 3791 838 3875 blasphemans
916 3791 1127 3855 Deum
1172 3800 1401 3855 contra
1441 3809 1577 3875 eos,
1620 3793 1735 3875 qui
1777 3792 2039 3855 stabant
2078 3791 2146 3852 in
2191 3789 2395 3852 muris
2436 3788 2717 3853 Jerusa-

375 3894 537 3980 lem,
586 3906 658 3959 ut
700 3896 972 3961 babetur
1011 3897 1071 3960 4.
1116 3895 1394 3980 Regum.
1445 3896 1544 3960 18.
1591 3903 1660 3959 et
1701 3894 1879 3958 Esai.
1902 3894 2005 3959 m.
2049 3896 2125 3957 ln
2168 3893 2296 3957 boc
2333 3909 2493 3977 agro
2526 3892 2718 3976 juxta

374 4009 679 4083 castrum,
714 4000 890 4086 quod
929 4002 1021 4065 ibi
1065 4010 1169 4065 est
1207 4019 1327 4085 per
1367 3998 1729 4068 soldanum
1768 4006 2231 4082 constructum,
2259 3997 2716 4068 descendimus

375 4104 460 4169 de
503 4106 743 4191 asinis,
798 4122 1049 4190 eosque
1090 4105 1394 4170 asinariis
1457 4104 1984 4189 designavimus,
2049 4111 2119 4167 et
2156 4104 2435 4187 sumptis
2476 4103 2716 4167 nostris

372 4210 660 4275 sacculis
713 4211 847 4275 bini
891 4218 957 4273 et
999 4209 1138 4274 bini
1177 4208 1470 4274 ordinate
1522 4218 1752 4275 contra
1821 4217 2074 4291 portam
2130 4215 2560 4273 mercatorum
2601 4207 2713 4270 vel

370 4314 647 4398 piscium
689 4315 1149 4399 processimus,
1169 4332 1317 4379 cnm
1355 4314 1621 4379 silentio
1663 4323 1729 4377 et
1771 4312 2121 4382 devotione
2139 4311 2391 4396 junctis
2416 4311 2712 4376 manibus

377 4425 532 4484 ante
593 4429 877 4504 pectora.
999 4417 1279 4501 Quidam
1341 4428 1559 4486 autem
1619 4416 1706 4485 de
1769 4418 2134 4516 peregrinis
2197 4437 2284 4483 ex
2345 4415 2714 4497 devotione,
