<?xml version="1.0" encoding="UTF-8"?>
<!DOCTYPE html PUBLIC "-//W3C//DTD XHTML 1.0 Transitional//EN"
    "http://www.w3.org/TR/xhtml1/DTD/xhtml1-transitional.dtd">
<html xmlns="http://www.w3.org/1999/xhtml" xml:lang="en" lang="en">
 <head>
  <title>
</title>
<meta http-equiv="Content-Type" content="text/html;charset=utf-8" />
  <meta name='ocr-system' content='tesseract 3.04.00' />
  <meta name='ocr-capabilities' content='ocr_page ocr_carea ocr_par ocr_line ocrx_word'/>
</head>
<body>
  <div class='ocr_page' id='page_1' title='image "./fratrisfelicisf00unkngoog_0208.png"; bbox 0 0 3242 5259; ppageno 0'>
   <div class='ocr_carea' id='block_1_1' title="bbox 1672 289 1796 358">
    <p class='ocr_par' dir='ltr' id='par_1_1' title="bbox 1672 289 1796 358">
     <span class='ocr_line' id='line_1_1' title="bbox 1672 289 1796 358; baseline 0 -4"><span class='ocrx_word' id='word_1_1' title='bbox 1672 289 1796 358; x_wconf 67' lang='lat'><strong>1⁹0</strong></span> 
     </span>
    </p>
   </div>
   <div class='ocr_carea' id='block_1_2' title="bbox 558 469 2912 1712">
    <p class='ocr_par' dir='ltr' id='par_1_2' title="bbox 558 469 2912 1712">
     <span class='ocr_line' id='line_1_2' title="bbox 560 469 2904 560; baseline -0.002 -20"><span class='ocrx_word' id='word_1_2' title='bbox 560 474 657 540; x_wconf 87' lang='lat' dir='ltr'><strong>rei</strong></span> <span class='ocrx_word' id='word_1_3' title='bbox 697 472 1150 558; x_wconf 79' lang='lat' dir='ltr'><strong>percepissem.</strong></span> <span class='ocrx_word' id='word_1_4' title='bbox 1239 470 1411 536; x_wconf 83' lang='lat' dir='ltr'><strong>Sunt</strong></span> <span class='ocrx_word' id='word_1_5' title='bbox 1465 469 1639 534; x_wconf 88' lang='lat' dir='ltr'><strong>enim</strong></span> <span class='ocrx_word' id='word_1_6' title='bbox 1679 470 2007 554; x_wconf 79' lang='lat' dir='ltr'><strong>peregrini</strong></span> <span class='ocrx_word' id='word_1_7' title='bbox 2068 471 2138 534; x_wconf 85' lang='lat' dir='ltr'><strong>in</strong></span> <span class='ocrx_word' id='word_1_8' title='bbox 2197 480 2368 535; x_wconf 84' lang='lat' dir='ltr'><strong>terra</strong></span> <span class='ocrx_word' id='word_1_9' title='bbox 2420 473 2652 535; x_wconf 78' lang='lat' dir='ltr'><strong>sancta</strong></span> <span class='ocrx_word' id='word_1_10' title='bbox 2680 554 2688 560; x_wconf 15' lang='grc' dir='ltr'><em>ἢ</em></span> <span class='ocrx_word' id='word_1_11' title='bbox 2712 471 2904 536; x_wconf 88' lang='lat' dir='ltr'><strong>nimis</strong></span> 
     </span>
     <span class='ocr_line' id='line_1_3' title="bbox 559 575 2905 663; baseline 0.002 -27"><span class='ocrx_word' id='word_1_12' title='bbox 559 578 859 663; x_wconf 67' lang='lat' dir='ltr'><strong>occupati</strong></span> <span class='ocrx_word' id='word_1_13' title='bbox 883 621 903 661; x_wconf 87' lang='lat'><strong>,</strong></span> <span class='ocrx_word' id='word_1_14' title='bbox 963 586 1029 640; x_wconf 86' lang='lat' dir='ltr'><strong>et</strong></span> <span class='ocrx_word' id='word_1_15' title='bbox 1072 594 1219 641; x_wconf 87' lang='lat' dir='ltr'><strong>raro</strong></span> <span class='ocrx_word' id='word_1_16' title='bbox 1258 578 1367 640; x_wconf 81' lang='lat' dir='ltr'><strong>vel</strong></span> <span class='ocrx_word' id='word_1_17' title='bbox 1431 594 1760 661; x_wconf 83' lang='lat' dir='ltr'><strong>nunquam</strong></span> <span class='ocrx_word' id='word_1_18' title='bbox 1827 595 2053 641; x_wconf 89' lang='lat' dir='ltr'><strong>omnes</strong></span> <span class='ocrx_word' id='word_1_19' title='bbox 2092 576 2283 639; x_wconf 86' lang='lat' dir='ltr'><strong>simul</strong></span> <span class='ocrx_word' id='word_1_20' title='bbox 2349 586 2415 640; x_wconf 86' lang='lat' dir='ltr'><strong>et</strong></span> <span class='ocrx_word' id='word_1_21' title='bbox 2457 575 2778 661; x_wconf 78' lang='lat' dir='ltr'><strong>distracti,</strong></span> <span class='ocrx_word' id='word_1_22' title='bbox 2840 588 2905 641; x_wconf 86' lang='lat' dir='ltr'><strong>et</strong></span> 
     </span>
     <span class='ocr_line' id='line_1_4' title="bbox 558 679 2903 764; baseline -0.002 -14"><span class='ocrx_word' id='word_1_23' title='bbox 558 685 689 750; x_wconf 81' lang='lat' dir='ltr'><strong>nisi</strong></span> <span class='ocrx_word' id='word_1_24' title='bbox 728 685 796 748; x_wconf 87' lang='lat' dir='ltr'><strong>in</strong></span> <span class='ocrx_word' id='word_1_25' title='bbox 838 683 993 746; x_wconf 85' lang='lat' dir='ltr'><strong>navi</strong></span> <span class='ocrx_word' id='word_1_26' title='bbox 1033 699 1168 744; x_wconf 84' lang='lat' dir='ltr'><strong>rem</strong></span> <span class='ocrx_word' id='word_1_27' title='bbox 1199 681 1375 744; x_wconf 81' lang='lat' dir='ltr'><strong>illam</strong></span> <span class='ocrx_word' id='word_1_28' title='bbox 1413 699 1561 745; x_wconf 85' lang='lat' dir='ltr'><strong>cum</strong></span> <span class='ocrx_word' id='word_1_29' title='bbox 1581 683 1882 746; x_wconf 78' lang='lat' dir='ltr'><strong>Dominis</strong></span> <span class='ocrx_word' id='word_1_30' title='bbox 1918 682 2080 746; x_wconf 89' lang='lat' dir='ltr'><strong>meis</strong></span> <span class='ocrx_word' id='word_1_31' title='bbox 2113 679 2614 764; x_wconf 82' lang='lat' dir='ltr'><strong>expedivissem,</strong></span> <span class='ocrx_word' id='word_1_32' title='bbox 2645 683 2903 745; x_wconf 84' lang='lat' dir='ltr'><strong>omnino</strong></span> 
     </span>
     <span class='ocr_line' id='line_1_5' title="bbox 562 785 2904 871; baseline -0.002 -17"><span class='ocrx_word' id='word_1_33' title='bbox 562 807 667 854; x_wconf 84' lang='lat' dir='ltr'><strong>me</strong></span> <span class='ocrx_word' id='word_1_34' title='bbox 710 790 923 871; x_wconf 76' lang='lat' dir='ltr'><strong>ipsum</strong></span> <span class='ocrx_word' id='word_1_35' title='bbox 971 786 1425 869; x_wconf 72' lang='lat' dir='ltr'>neglexissem.</span> <span class='ocrx_word' id='word_1_36' title='bbox 1471 788 1790 871; x_wconf 81' lang='lat' dir='ltr'><strong>Percepta</strong></span> <span class='ocrx_word' id='word_1_37' title='bbox 1833 805 1989 871; x_wconf 81' lang='lat' dir='ltr'><strong>ergo</strong></span> <span class='ocrx_word' id='word_1_38' title='bbox 2024 786 2299 849; x_wconf 85' lang='lat' dir='ltr'><strong>veritate</strong></span> <span class='ocrx_word' id='word_1_39' title='bbox 2340 786 2406 848; x_wconf 88' lang='lat' dir='ltr'><strong>in</strong></span> <span class='ocrx_word' id='word_1_40' title='bbox 2430 786 2621 869; x_wconf 66' lang='lat' dir='ltr'><strong>galea</strong></span> <span class='ocrx_word' id='word_1_41' title='bbox 2666 785 2904 857; x_wconf 83' lang='lat' dir='ltr'><strong>domini</strong></span> 
     </span>
     <span class='ocr_line' id='line_1_6' title="bbox 559 890 2905 980; baseline -0.002 -20"><span class='ocrx_word' id='word_1_42' title='bbox 559 894 918 980; x_wconf 74' lang='lat' dir='ltr'><strong>Augustini</strong></span> <span class='ocrx_word' id='word_1_43' title='bbox 982 892 1269 957; x_wconf 85' lang='lat' dir='ltr'><strong>remeavi</strong></span> <span class='ocrx_word' id='word_1_44' title='bbox 1329 909 1473 955; x_wconf 89' lang='lat' dir='ltr'><strong>cum</strong></span> <span class='ocrx_word' id='word_1_45' title='bbox 1534 895 1783 958; x_wconf 88' lang='lat' dir='ltr'><strong>laetitia</strong></span> <span class='ocrx_word' id='word_1_46' title='bbox 1822 895 1887 957; x_wconf 89' lang='lat' dir='ltr'><strong>in</strong></span> <span class='ocrx_word' id='word_1_47' title='bbox 1943 890 2198 977; x_wconf 68' lang='lat' dir='ltr'><strong>galeam</strong></span> <span class='ocrx_word' id='word_1_48' title='bbox 2260 900 2548 955; x_wconf 89' lang='lat' dir='ltr'><strong>nostram</strong></span> <span class='ocrx_word' id='word_1_49' title='bbox 2609 891 2905 974; x_wconf 85' lang='lat' dir='ltr'><strong>gaudens</strong></span> 
     </span>
     <span class='ocr_line' id='line_1_7' title="bbox 563 997 2907 1081; baseline -0.002 -17"><span class='ocrx_word' id='word_1_50' title='bbox 563 1018 672 1064; x_wconf 89' lang='lat' dir='ltr'><strong>me</strong></span> <span class='ocrx_word' id='word_1_51' title='bbox 712 999 1050 1062; x_wconf 74' lang='lat' dir='ltr'><strong>invenisse</strong></span> <span class='ocrx_word' id='word_1_52' title='bbox 1107 998 1345 1061; x_wconf 85' lang='lat' dir='ltr'><strong>socios.</strong></span> <span class='ocrx_word' id='word_1_53' title='bbox 1425 997 1628 1062; x_wconf 85' lang='lat' dir='ltr'><strong>Porro</strong></span> <span class='ocrx_word' id='word_1_54' title='bbox 1681 1007 1833 1081; x_wconf 83' lang='lat' dir='ltr'><strong>post</strong></span> <span class='ocrx_word' id='word_1_55' title='bbox 1891 997 2198 1061; x_wconf 72' lang='lat' dir='ltr'><strong>laetitiam</strong></span> <span class='ocrx_word' id='word_1_56' title='bbox 2265 997 2486 1059; x_wconf 84' lang='lat' dir='ltr'><strong>statim</strong></span> <span class='ocrx_word' id='word_1_57' title='bbox 2553 998 2907 1060; x_wconf 84' lang='lat' dir='ltr'><strong>subsecuta</strong></span> 
     </span>
     <span class='ocr_line' id='line_1_8' title="bbox 561 1099 2904 1184; baseline -0.003 -14"><span class='ocrx_word' id='word_1_58' title='bbox 561 1104 685 1170; x_wconf 79' lang='lat' dir='ltr'><strong>fuit</strong></span> <span class='ocrx_word' id='word_1_59' title='bbox 707 1135 721 1150; x_wconf 91' lang='lat'><strong>·</strong></span> <span class='ocrx_word' id='word_1_60' title='bbox 769 1104 1070 1168; x_wconf 79' lang='lat' dir='ltr'><strong>tristitia.-</strong></span> <span class='ocrx_word' id='word_1_61' title='bbox 1158 1099 1372 1181; x_wconf 82' lang='lat' dir='ltr'><strong>Quum</strong></span> <span class='ocrx_word' id='word_1_62' title='bbox 1455 1105 1635 1168; x_wconf 82' lang='lat' dir='ltr'><strong>enim</strong></span> <span class='ocrx_word' id='word_1_63' title='bbox 1710 1102 1793 1166; x_wconf 87' lang='lat' dir='ltr'><strong>de</strong></span> <span class='ocrx_word' id='word_1_64' title='bbox 1877 1104 2074 1167; x_wconf 87' lang='lat' dir='ltr'><strong>barca</strong></span> <span class='ocrx_word' id='word_1_65' title='bbox 2142 1103 2214 1165; x_wconf 91' lang='lat' dir='ltr'><strong>in</strong></span> <span class='ocrx_word' id='word_1_66' title='bbox 2289 1108 2578 1164; x_wconf 70' lang='lat' dir='ltr'><strong>nostram</strong></span> <span class='ocrx_word' id='word_1_67' title='bbox 2647 1100 2904 1184; x_wconf 72' lang='lat' dir='ltr'><strong>galeam</strong></span> 
     </span>
     <span class='ocr_line' id='line_1_9' title="bbox 563 1206 2908 1292; baseline -0.002 -18"><span class='ocrx_word' id='word_1_68' title='bbox 563 1207 831 1275; x_wconf 79' lang='lat' dir='ltr'><strong>ascendi</strong></span> <span class='ocrx_word' id='word_1_69' title='bbox 903 1218 970 1272; x_wconf 89' lang='lat' dir='ltr'><strong>et</strong></span> <span class='ocrx_word' id='word_1_70' title='bbox 1024 1217 1180 1271; x_wconf 88' lang='lat' dir='ltr'><strong>ante</strong></span> <span class='ocrx_word' id='word_1_71' title='bbox 1236 1208 1501 1291; x_wconf 83' lang='lat' dir='ltr'><strong>puppim</strong></span> <span class='ocrx_word' id='word_1_72' title='bbox 1563 1226 1712 1271; x_wconf 88' lang='lat' dir='ltr'><strong>cnm</strong></span> <span class='ocrx_word' id='word_1_73' title='bbox 1783 1206 2062 1292; x_wconf 86' lang='lat' dir='ltr'><strong>quodam</strong></span> <span class='ocrx_word' id='word_1_74' title='bbox 2140 1215 2418 1289; x_wconf 86' lang='lat' dir='ltr'><strong>starem,</strong></span> <span class='ocrx_word' id='word_1_75' title='bbox 2479 1208 2741 1269; x_wconf 84' lang='lat' dir='ltr'><strong>vocavit</strong></span> <span class='ocrx_word' id='word_1_76' title='bbox 2803 1224 2908 1269; x_wconf 90' lang='lat' dir='ltr'><strong>me</strong></span> 
     </span>
     <span class='ocr_line' id='line_1_10' title="bbox 564 1311 2909 1396; baseline -0.003 -17"><span class='ocrx_word' id='word_1_77' title='bbox 564 1314 864 1380; x_wconf 80' lang='lat' dir='ltr'><strong>dominus</strong></span> <span class='ocrx_word' id='word_1_78' title='bbox 952 1322 1264 1396; x_wconf 68' lang='lat' dir='ltr'><strong>patronus</strong></span> <span class='ocrx_word' id='word_1_79' title='bbox 1337 1313 1420 1376; x_wconf 83' lang='lat' dir='ltr'><strong>in-</strong></span> <span class='ocrx_word' id='word_1_80' title='bbox 1498 1311 1900 1377; x_wconf 76' lang='lat' dir='ltr'><strong>commodum</strong></span> <span class='ocrx_word' id='word_1_81' title='bbox 1972 1330 2164 1375; x_wconf 90' lang='lat' dir='ltr'><strong>suum</strong></span> <span class='ocrx_word' id='word_1_82' title='bbox 2256 1319 2321 1374; x_wconf 91' lang='lat' dir='ltr'><strong>et</strong></span> <span class='ocrx_word' id='word_1_83' title='bbox 2397 1312 2738 1396; x_wconf 85' lang='lat' dir='ltr'><strong>ingressus</strong></span> <span class='ocrx_word' id='word_1_84' title='bbox 2800 1311 2909 1374; x_wconf 89' lang='lat' dir='ltr'><strong>in-</strong></span> 
     </span>
     <span class='ocr_line' id='line_1_11' title="bbox 564 1414 2912 1498; baseline -0.002 -16"><span class='ocrx_word' id='word_1_85' title='bbox 564 1420 721 1482; x_wconf 81' lang='lat' dir='ltr'><strong>veni</strong></span> <span class='ocrx_word' id='word_1_86' title='bbox 782 1435 931 1480; x_wconf 88' lang='lat' dir='ltr'><strong>cum</strong></span> <span class='ocrx_word' id='word_1_87' title='bbox 975 1414 1055 1481; x_wconf 75' lang='lat' dir='ltr'><strong>eo&#39;</strong></span> <span class='ocrx_word' id='word_1_88' title='bbox 1096 1417 1433 1482; x_wconf 86' lang='lat' dir='ltr'><strong>sedentem</strong></span> <span class='ocrx_word' id='word_1_89' title='bbox 1484 1433 1683 1481; x_wconf 89' lang='lat' dir='ltr'><strong>unum</strong></span> <span class='ocrx_word' id='word_1_90' title='bbox 1722 1417 2184 1481; x_wconf 81' lang='lat' dir='ltr'><strong>‘Mamalucum</strong></span> <span class='ocrx_word' id='word_1_91' title='bbox 2269 1425 2616 1498; x_wconf 86' lang='lat' dir='ltr'><strong>armatum,</strong></span> <span class='ocrx_word' id='word_1_92' title='bbox 2693 1417 2803 1497; x_wconf 90' lang='lat' dir='ltr'><strong>qui</strong></span> <span class='ocrx_word' id='word_1_93' title='bbox 2843 1417 2912 1479; x_wconf 91' lang='lat' dir='ltr'><strong>in</strong></span> 
     </span>
     <span class='ocr_line' id='line_1_12' title="bbox 564 1519 2912 1607; baseline -0.001 -20"><span class='ocrx_word' id='word_1_94' title='bbox 564 1524 766 1587; x_wconf 81' lang='lat' dir='ltr'><strong>barca</strong></span> <span class='ocrx_word' id='word_1_95' title='bbox 821 1519 909 1585; x_wconf 84' lang='lat' dir='ltr'><strong>de</strong></span> <span class='ocrx_word' id='word_1_96' title='bbox 962 1523 1224 1607; x_wconf 82' lang='lat' dir='ltr'><strong>Joppen</strong></span> <span class='ocrx_word' id='word_1_97' title='bbox 1280 1531 1582 1606; x_wconf 87' lang='lat' dir='ltr'><strong>venerat,</strong></span> <span class='ocrx_word' id='word_1_98' title='bbox 1639 1532 1707 1585; x_wconf 86' lang='lat' dir='ltr'><strong>et</strong></span> <span class='ocrx_word' id='word_1_99' title='bbox 1748 1540 1953 1605; x_wconf 83' lang='lat' dir='ltr'><strong>nova,</strong></span> <span class='ocrx_word' id='word_1_100' title='bbox 2012 1541 2183 1607; x_wconf 84' lang='lat' dir='ltr'><strong>quae</strong></span> <span class='ocrx_word' id='word_1_101' title='bbox 2224 1522 2642 1604; x_wconf 73' lang='lat' dir='ltr'><strong>recitaverat,</strong></span> <span class='ocrx_word' id='word_1_102' title='bbox 2704 1520 2912 1584; x_wconf 82' lang='lat' dir='ltr'><strong>voluit</strong></span> 
     </span>
     <span class='ocr_line' id='line_1_13' title="bbox 563 1611 2910 1712; baseline -0.002 -19"><span class='ocrx_word' id='word_1_103' title='bbox 563 1638 883 1712; x_wconf 71' lang='lat' dir='ltr'><strong>patronus</strong></span> <span class='ocrx_word' id='word_1_104' title='bbox 926 1611 1038 1691; x_wconf 54' lang='lat' dir='ltr'><strong>me‘</strong></span> <span class='ocrx_word' id='word_1_105' title='bbox 1073 1629 1271 1691; x_wconf 86' lang='lat' dir='ltr'><strong>etiam</strong></span> <span class='ocrx_word' id='word_1_106' title='bbox 1311 1626 1551 1690; x_wconf 85' lang='lat' dir='ltr'><strong>audire.</strong></span> <span class='ocrx_word' id='word_1_107' title='bbox 1637 1628 1823 1690; x_wconf 85' lang='lat' dir='ltr'><strong>Dixit</strong></span> <span class='ocrx_word' id='word_1_108' title='bbox 1865 1629 2037 1692; x_wconf 91' lang='lat' dir='ltr'><strong>enim</strong></span> <span class='ocrx_word' id='word_1_109' title='bbox 2080 1626 2487 1690; x_wconf 77' lang='lat' dir='ltr'><strong>Mamalucus</strong></span> <span class='ocrx_word' id='word_1_110' title='bbox 2530 1626 2671 1708; x_wconf 90' lang='lat' dir='ltr'><strong>ille,</strong></span> <span class='ocrx_word' id='word_1_111' title='bbox 2737 1625 2910 1709; x_wconf 84' lang='lat' dir='ltr'><strong>quod</strong></span> 
     </span>
    </p>
   </div>
   <div class='ocr_carea' id='block_1_3' title="bbox 468 1731 2913 1796">
    <p class='ocr_par' dir='ltr' id='par_1_3' title="bbox 468 1731 2913 1796">
     <span class='ocr_line' id='line_1_14' title="bbox 468 1731 2913 1796; baseline 0 -3"><span class='ocrx_word' id='word_1_112' title='bbox 468 1764 514 1793; x_wconf 83' lang='lat'><strong>.·</strong></span> <span class='ocrx_word' id='word_1_113' title='bbox 567 1735 823 1796; x_wconf 70' lang='lat' dir='ltr'><strong>Arabes</strong></span> <span class='ocrx_word' id='word_1_114' title='bbox 891 1735 1352 1795; x_wconf 64' lang='lat' dir='ltr'><strong>devastassent</strong></span> <span class='ocrx_word' id='word_1_115' title='bbox 1416 1735 1868 1795; x_wconf 60' lang='lat' dir='ltr'><strong>:nonasterium</strong></span> <span class='ocrx_word' id='word_1_116' title='bbox 1931 1731 2000 1794; x_wconf 83' lang='lat' dir='ltr'><strong>S.</strong></span> <span class='ocrx_word' id='word_1_117' title='bbox 2070 1731 2467 1794; x_wconf 85' lang='lat' dir='ltr'><strong>Katharinae</strong></span> <span class='ocrx_word' id='word_1_118' title='bbox 2529 1731 2650 1793; x_wconf 85' lang='lat' dir='ltr'><strong>sub</strong></span> <span class='ocrx_word' id='word_1_119' title='bbox 2696 1739 2913 1793; x_wconf 87' lang='lat' dir='ltr'><strong>monte</strong></span> 
     </span>
    </p>
   </div>
   <div class='ocr_carea' id='block_1_4' title="bbox 489 1835 2920 4438">
    <p class='ocr_par' dir='ltr' id='par_1_4' title="bbox 489 1835 2920 4438">
     <span class='ocr_line' id='line_1_15' title="bbox 489 1835 2911 1919; baseline -0.001 -20"><span class='ocrx_word' id='word_1_120' title='bbox 489 1868 494 1874; x_wconf 83' lang='lat'><strong>·</strong></span> <span class='ocrx_word' id='word_1_121' title='bbox 567 1839 807 1919; x_wconf 60' lang='lat' dir='ltr'><strong>Syriai,</strong></span> <span class='ocrx_word' id='word_1_122' title='bbox 855 1851 919 1899; x_wconf 75' lang='lat' dir='ltr'><strong>et</strong></span> <span class='ocrx_word' id='word_1_123' title='bbox 963 1855 1183 1899; x_wconf 70' lang='lat' dir='ltr'><strong>omnes</strong></span> <span class='ocrx_word' id='word_1_124' title='bbox 1232 1839 1580 1899; x_wconf 70' lang='lat' dir='ltr'><strong>manac-hos</strong></span> <span class='ocrx_word' id='word_1_125' title='bbox 1628 1839 2044 1918; x_wconf 60' lang='lat' dir='ltr'><strong>cecidissent,</strong></span> <span class='ocrx_word' id='word_1_126' title='bbox 2085 1848 2150 1897; x_wconf 87' lang='lat' dir='ltr'><strong>et</strong></span> <span class='ocrx_word' id='word_1_127' title='bbox 2191 1844 2533 1918; x_wconf 81' lang='lat' dir='ltr'><strong>propterea</strong></span> <span class='ocrx_word' id='word_1_128' title='bbox 2574 1835 2699 1899; x_wconf 92' lang='lat' dir='ltr'><strong>hoc</strong></span> <span class='ocrx_word' id='word_1_129' title='bbox 2740 1854 2911 1897; x_wconf 90' lang='lat' dir='ltr'><strong>anno</strong></span> 
     </span>
     <span class='ocr_line' id='line_1_16' title="bbox 567 1938 2910 2023; baseline 0 -20"><span class='ocrx_word' id='word_1_130' title='bbox 567 1943 743 2003; x_wconf 76' lang='lat' dir='ltr'><strong>nulla</strong></span> <span class='ocrx_word' id='word_1_131' title='bbox 787 1955 1007 2023; x_wconf 70' lang='lat' dir='ltr'><strong>posset</strong></span> <span class='ocrx_word' id='word_1_132' title='bbox 1055 1943 1191 2003; x_wconf 70' lang='lat' dir='ltr'><strong>fleri</strong></span> <span class='ocrx_word' id='word_1_133' title='bbox 1236 1943 1662 2023; x_wconf 66' lang='lat' dir='ltr'><strong>peregrinatio</strong></span> <span class='ocrx_word' id='word_1_134' title='bbox 1704 1943 1780 2003; x_wconf 70' lang='lat' dir='ltr'><strong>ml</strong></span> <span class='ocrx_word' id='word_1_135' title='bbox 1824 1949 2101 2003; x_wconf 71' lang='lat' dir='ltr'><strong>mentem</strong></span> <span class='ocrx_word' id='word_1_136' title='bbox 2144 1938 2370 2023; x_wconf 84' lang='lat' dir='ltr'><strong>Synai.</strong></span> <span class='ocrx_word' id='word_1_137' title='bbox 2427 1939 2671 2003; x_wconf 83' lang='lat' dir='ltr'><strong>Eodem</strong></span> <span class='ocrx_word' id='word_1_138' title='bbox 2717 1941 2910 2003; x_wconf 85' lang='lat' dir='ltr'><strong>etiam</strong></span> 
     </span>
     <span class='ocr_line' id='line_1_17' title="bbox 571 2044 2911 2127; baseline -0.002 -16"><span class='ocrx_word' id='word_1_139' title='bbox 571 2047 675 2111; x_wconf 67' lang='lat' dir='ltr'><strong>die</strong></span> <span class='ocrx_word' id='word_1_140' title='bbox 743 2055 1055 2107; x_wconf 71' lang='lat' dir='ltr'><strong>venerunt</strong></span> <span class='ocrx_word' id='word_1_141' title='bbox 1123 2047 1316 2127; x_wconf 71' lang='lat' dir='ltr'><strong>aliqui</strong></span> <span class='ocrx_word' id='word_1_142' title='bbox 1392 2047 1732 2107; x_wconf 70' lang='lat' dir='ltr'><strong>Sarraceni</strong></span> <span class='ocrx_word' id='word_1_143' title='bbox 1800 2047 1876 2107; x_wconf 75' lang='lat' dir='ltr'><strong>ad</strong></span> <span class='ocrx_word' id='word_1_144' title='bbox 1941 2064 2061 2109; x_wconf 89' lang='lat' dir='ltr'><strong>nos</strong></span> <span class='ocrx_word' id='word_1_145' title='bbox 2128 2044 2528 2108; x_wconf 72' lang='lat' dir='ltr'><strong>adducentes</strong></span> <span class='ocrx_word' id='word_1_146' title='bbox 2589 2044 2670 2108; x_wconf 84' lang='lat' dir='ltr'><strong>de</strong></span> <span class='ocrx_word' id='word_1_147' title='bbox 2740 2052 2911 2107; x_wconf 80' lang='lat' dir='ltr'><strong>terra</strong></span> 
     </span>
     <span class='ocr_line' id='line_1_18' title="bbox 567 2149 2913 2235; baseline -0.002 -20"><span class='ocrx_word' id='word_1_148' title='bbox 567 2171 771 2235; x_wconf 70' lang='lat' dir='ltr'><strong>panes</strong></span> <span class='ocrx_word' id='word_1_149' title='bbox 851 2163 1143 2211; x_wconf 67' lang='lat' dir='ltr'><strong>recentes</strong></span> <span class='ocrx_word' id='word_1_150' title='bbox 1211 2163 1276 2211; x_wconf 74' lang='lat' dir='ltr'><strong>et</strong></span> <span class='ocrx_word' id='word_1_151' title='bbox 1344 2171 1572 2231; x_wconf 72' lang='lat' dir='ltr'><strong>nquam</strong></span> <span class='ocrx_word' id='word_1_152' title='bbox 1644 2163 1708 2211; x_wconf 70' lang='lat' dir='ltr'><strong>et</strong></span> <span class='ocrx_word' id='word_1_153' title='bbox 1768 2171 1973 2233; x_wconf 67' lang='lat' dir='ltr'><strong>urae,</strong></span> <span class='ocrx_word' id='word_1_154' title='bbox 2018 2160 2085 2213; x_wconf 88' lang='lat' dir='ltr'><strong>et</strong></span> <span class='ocrx_word' id='word_1_155' title='bbox 2144 2169 2225 2213; x_wconf 82' lang='lat' dir='ltr'><strong>ea</strong></span> <span class='ocrx_word' id='word_1_156' title='bbox 2271 2151 2461 2213; x_wconf 82' lang='lat' dir='ltr'><strong>nobis</strong></span> <span class='ocrx_word' id='word_1_157' title='bbox 2515 2149 2913 2232; x_wconf 84' lang='lat' dir='ltr'><strong>vendebant,</strong></span> 
     </span>
     <span class='ocr_line' id='line_1_19' title="bbox 570 2253 2912 2339; baseline -0.001 -20"><span class='ocrx_word' id='word_1_158' title='bbox 570 2259 679 2339; x_wconf 77' lang='lat' dir='ltr'><strong>qui</strong></span> <span class='ocrx_word' id='word_1_159' title='bbox 723 2255 983 2319; x_wconf 69' lang='lat' dir='ltr'><strong>eosdem</strong></span> <span class='ocrx_word' id='word_1_160' title='bbox 1043 2275 1332 2317; x_wconf 66' lang='lat' dir='ltr'><strong>rumores</strong></span> <span class='ocrx_word' id='word_1_161' title='bbox 1400 2259 1692 2315; x_wconf 64' lang='lat' dir='ltr'><strong>[licebant</strong></span> <span class='ocrx_word' id='word_1_162' title='bbox 1756 2259 1836 2317; x_wconf 69' lang='lat' dir='ltr'><strong>de</strong></span> <span class='ocrx_word' id='word_1_163' title='bbox 1896 2257 2155 2320; x_wconf 73' lang='lat' dir='ltr'><strong>Arabia.</strong></span> <span class='ocrx_word' id='word_1_164' title='bbox 2242 2254 2502 2317; x_wconf 72' lang='lat' dir='ltr'><strong>Auditis</strong></span> <span class='ocrx_word' id='word_1_165' title='bbox 2567 2254 2672 2318; x_wconf 74' lang='lat' dir='ltr'><strong>his</strong></span> <span class='ocrx_word' id='word_1_166' title='bbox 2727 2253 2912 2316; x_wconf 76' lang='lat' dir='ltr'><strong>malis</strong></span> 
     </span>
     <span class='ocr_line' id='line_1_20' title="bbox 575 2359 2914 2445; baseline -0.001 -18"><span class='ocrx_word' id='word_1_167' title='bbox 575 2367 931 2427; x_wconf 68' lang='lat' dir='ltr'><strong>rumoribus</strong></span> <span class='ocrx_word' id='word_1_168' title='bbox 987 2363 1191 2443; x_wconf 75' lang='lat' dir='ltr'><strong>prima</strong></span> <span class='ocrx_word' id='word_1_169' title='bbox 1256 2363 1508 2443; x_wconf 74' lang='lat' dir='ltr'><strong>quidem</strong></span> <span class='ocrx_word' id='word_1_170' title='bbox 1580 2363 1788 2423; x_wconf 68' lang='lat' dir='ltr'><strong>fronte</strong></span> <span class='ocrx_word' id='word_1_171' title='bbox 1844 2362 2134 2425; x_wconf 79' lang='lat' dir='ltr'><strong>turbatus</strong></span> <span class='ocrx_word' id='word_1_172' title='bbox 2202 2360 2331 2445; x_wconf 83' lang='lat' dir='ltr'><strong>fui,</strong></span> <span class='ocrx_word' id='word_1_173' title='bbox 2408 2359 2530 2422; x_wconf 81' lang='lat' dir='ltr'><strong>sed</strong></span> <span class='ocrx_word' id='word_1_174' title='bbox 2571 2369 2914 2443; x_wconf 76' lang='lat' dir='ltr'><strong>postquam</strong></span> 
     </span>
     <span class='ocr_line' id='line_1_21' title="bbox 571 2464 2914 2551; baseline -0.001 -20"><span class='ocrx_word' id='word_1_175' title='bbox 571 2471 955 2547; x_wconf 68' lang='lat' dir='ltr'><strong>deliberari,</strong></span> <span class='ocrx_word' id='word_1_176' title='bbox 1011 2487 1195 2551; x_wconf 72' lang='lat' dir='ltr'><strong>spem</strong></span> <span class='ocrx_word' id='word_1_177' title='bbox 1256 2471 1496 2551; x_wconf 54' lang='lat' dir='ltr'><strong>accepi*</strong></span> <span class='ocrx_word' id='word_1_178' title='bbox 1588 2467 1989 2547; x_wconf 58' lang='lat' dir='ltr'><strong>§inspicatur</strong></span> <span class='ocrx_word' id='word_1_179' title='bbox 2044 2465 2215 2528; x_wconf 86' lang='lat' dir='ltr'><strong>enim</strong></span> <span class='ocrx_word' id='word_1_180' title='bbox 2273 2465 2525 2547; x_wconf 85' lang='lat' dir='ltr'><strong>statim,</strong></span> <span class='ocrx_word' id='word_1_181' title='bbox 2595 2464 2765 2546; x_wconf 89' lang='lat' dir='ltr'><strong>quod</strong></span> <span class='ocrx_word' id='word_1_182' title='bbox 2831 2484 2914 2529; x_wconf 86' lang='lat' dir='ltr'><strong>ex</strong></span> 
     </span>
     <span class='ocr_line' id='line_1_22' title="bbox 571 2567 2916 2655; baseline -0.001 -20"><span class='ocrx_word' id='word_1_183' title='bbox 571 2575 879 2655; x_wconf 65' lang='grc' dir='ltr'><strong>ρι’πῑίιτίε</strong></span> <span class='ocrx_word' id='word_1_184' title='bbox 927 2583 1336 2655; x_wconf 70' lang='lat' dir='ltr'><strong>patronorum</strong></span> <span class='ocrx_word' id='word_1_185' title='bbox 1404 2571 1564 2635; x_wconf 73' lang='lat' dir='ltr'><strong>haee</strong></span> <span class='ocrx_word' id='word_1_186' title='bbox 1624 2575 2109 2655; x_wconf 65' lang='lat' dir='ltr'><strong>dirutgarentur</strong></span> <span class='ocrx_word' id='word_1_187' title='bbox 2175 2567 2544 2653; x_wconf 86' lang='lat' dir='ltr'><strong>mendacia,</strong></span> <span class='ocrx_word' id='word_1_188' title='bbox 2607 2578 2680 2632; x_wconf 90' lang='lat' dir='ltr'><strong>ut</strong></span> <span class='ocrx_word' id='word_1_189' title='bbox 2720 2588 2916 2652; x_wconf 82' lang='lat' dir='ltr'><strong>pere-</strong></span> 
     </span>
     <span class='ocr_line' id='line_1_23' title="bbox 571 2672 2914 2759; baseline -0 -20"><span class='ocrx_word' id='word_1_190' title='bbox 571 2683 739 2759; x_wconf 77' lang='lat' dir='ltr'><strong>grini</strong></span> <span class='ocrx_word' id='word_1_191' title='bbox 783 2687 1175 2739; x_wconf 68' lang='lat' dir='ltr'><strong>temerentur</strong></span> <span class='ocrx_word' id='word_1_192' title='bbox 1219 2687 1284 2739; x_wconf 71' lang='lat' dir='ltr'><strong>et</strong></span> <span class='ocrx_word' id='word_1_193' title='bbox 1320 2695 1356 2739; x_wconf 75' lang='lat'><strong>11</strong></span> <span class='ocrx_word' id='word_1_194' title='bbox 1400 2679 1724 2759; x_wconf 68' lang='lat' dir='ltr'><strong>propr-siro</strong></span> <span class='ocrx_word' id='word_1_195' title='bbox 1768 2674 2222 2759; x_wconf 70' lang='lat' dir='ltr'><strong>peregrinandi</strong></span> <span class='ocrx_word' id='word_1_196' title='bbox 2263 2672 2346 2737; x_wconf 83' lang='lat' dir='ltr'><strong>ad</strong></span> <span class='ocrx_word' id='word_1_197' title='bbox 2390 2683 2673 2740; x_wconf 81' lang='lat' dir='ltr'><strong>montem</strong></span> <span class='ocrx_word' id='word_1_198' title='bbox 2707 2674 2914 2759; x_wconf 84' lang='lat' dir='ltr'><strong>Synai</strong></span> 
     </span>
     <span class='ocr_line' id='line_1_24' title="bbox 574 2777 2916 2867; baseline -0.002 -20"><span class='ocrx_word' id='word_1_199' title='bbox 574 2783 937 2866; x_wconf 79' lang='lat' dir='ltr'><strong>resilirent,</strong></span> <span class='ocrx_word' id='word_1_200' title='bbox 980 2784 1133 2867; x_wconf 89' lang='lat' dir='ltr'><strong>quia</strong></span> <span class='ocrx_word' id='word_1_201' title='bbox 1189 2783 1259 2845; x_wconf 88' lang='lat' dir='ltr'><strong>in</strong></span> <span class='ocrx_word' id='word_1_202' title='bbox 1320 2781 1610 2865; x_wconf 80' lang='lat' dir='ltr'><strong>quolibet.</strong></span> <span class='ocrx_word' id='word_1_203' title='bbox 1657 2782 2000 2865; x_wconf 79' lang='lat' dir='ltr'><strong>peregrino</strong></span> <span class='ocrx_word' id='word_1_204' title='bbox 2064 2780 2301 2843; x_wconf 89' lang='lat' dir='ltr'><strong>montis</strong></span> <span class='ocrx_word' id='word_1_205' title='bbox 2370 2777 2580 2862; x_wconf 81' lang='lat' dir='ltr'><strong>Synai</strong></span> <span class='ocrx_word' id='word_1_206' title='bbox 2636 2780 2916 2862; x_wconf 82' lang='lat' dir='ltr'><strong>perdunt</strong></span> 
     </span>
     <span class='ocr_line' id='line_1_25' title="bbox 570 2883 2914 2976; baseline -0.001 -26"><span class='ocrx_word' id='word_1_207' title='bbox 570 2888 700 2950; x_wconf 77' lang='grc' dir='ltr'><strong>ΧΠ</strong></span> <span class='ocrx_word' id='word_1_208' title='bbox 743 2886 1016 2951; x_wconf 86' lang='lat' dir='ltr'><strong>ducatos</strong></span> <span class='ocrx_word' id='word_1_209' title='bbox 1033 2931 1054 2970; x_wconf 99' lang='lat'><strong>,</strong></span> <span class='ocrx_word' id='word_1_210' title='bbox 1126 2896 1197 2949; x_wconf 88' lang='lat' dir='ltr'><strong>et</strong></span> <span class='ocrx_word' id='word_1_211' title='bbox 1259 2887 1385 2951; x_wconf 90' lang='lat' dir='ltr'><strong>hoc</strong></span> <span class='ocrx_word' id='word_1_212' title='bbox 1441 2888 1754 2952; x_wconf 72' lang='lat' dir='ltr'><strong>avaritiae</strong></span> <span class='ocrx_word' id='word_1_213' title='bbox 1817 2903 2037 2949; x_wconf 89' lang='lat' dir='ltr'><strong>eorum</strong></span> <span class='ocrx_word' id='word_1_214' title='bbox 2101 2894 2204 2976; x_wconf 81' lang='lat' dir='ltr'><strong>est</strong></span> <span class='ocrx_word' id='word_1_215' title='bbox 2269 2883 2432 2948; x_wconf 86' lang='lat' dir='ltr'><strong>adeo</strong></span> <span class='ocrx_word' id='word_1_216' title='bbox 2490 2884 2914 2969; x_wconf 74' lang='lat' dir='ltr'><strong>intolerabile,</strong></span> 
     </span>
     <span class='ocr_line' id='line_1_26' title="bbox 571 2989 2918 3076; baseline -0.001 -20"><span class='ocrx_word' id='word_1_217' title='bbox 571 2991 748 3076; x_wconf 83' lang='lat' dir='ltr'><strong>quod</strong></span> <span class='ocrx_word' id='word_1_218' title='bbox 807 2991 1131 3075; x_wconf 85' lang='lat' dir='ltr'><strong>exquisita</strong></span> <span class='ocrx_word' id='word_1_219' title='bbox 1190 2991 1530 3055; x_wconf 82' lang='lat' dir='ltr'><strong>mendacia</strong></span> <span class='ocrx_word' id='word_1_220' title='bbox 1604 2992 2011 3074; x_wconf 83' lang='lat' dir='ltr'><strong>excogitant,</strong></span> <span class='ocrx_word' id='word_1_221' title='bbox 2091 3000 2160 3054; x_wconf 85' lang='lat' dir='ltr'><strong>et</strong></span> <span class='ocrx_word' id='word_1_222' title='bbox 2228 3010 2346 3074; x_wconf 82' lang='lat' dir='ltr'><strong>pro</strong></span> <span class='ocrx_word' id='word_1_223' title='bbox 2413 2989 2918 3054; x_wconf 79' lang='lat' dir='ltr'><strong>conformatione</strong></span> 
     </span>
     <span class='ocr_line' id='line_1_27' title="bbox 575 3089 2917 3177; baseline 0 -19"><span class='ocrx_word' id='word_1_224' title='bbox 575 3094 1058 3159; x_wconf 78' lang='lat' dir='ltr'><strong>mendaciorum</strong></span> <span class='ocrx_word' id='word_1_225' title='bbox 1122 3089 1473 3162; x_wconf 73' lang='lat' dir='ltr'><strong>mendaces</strong></span> <span class='ocrx_word' id='word_1_226' title='bbox 1514 3094 1918 3158; x_wconf 77' lang='lat' dir='ltr'><strong>Sarracenos</strong></span> <span class='ocrx_word' id='word_1_227' title='bbox 1982 3104 2048 3157; x_wconf 91' lang='lat' dir='ltr'><strong>et</strong></span> <span class='ocrx_word' id='word_1_228' title='bbox 2111 3104 2445 3177; x_wconf 82' lang='lat' dir='ltr'><strong>apostatas</strong></span> <span class='ocrx_word' id='word_1_229' title='bbox 2515 3093 2917 3158; x_wconf 76' lang='lat' dir='ltr'><strong>Mamalucos</strong></span> 
     </span>
     <span class='ocr_line' id='line_1_28' title="bbox 573 3199 2916 3285; baseline -0.001 -22"><span class='ocrx_word' id='word_1_230' title='bbox 573 3199 904 3263; x_wconf 77' lang='lat' dir='ltr'><strong>inducunt.</strong></span> <span class='ocrx_word' id='word_1_231' title='bbox 950 3199 1174 3262; x_wconf 75' lang='lat' dir='ltr'><strong>Minus</strong></span> <span class='ocrx_word' id='word_1_232' title='bbox 1195 3213 1374 3282; x_wconf 54' lang='lat' dir='ltr'><strong>,ergo</strong></span> <span class='ocrx_word' id='word_1_233' title='bbox 1403 3200 1628 3263; x_wconf 84' lang='lat' dir='ltr'><strong>curavi</strong></span> <span class='ocrx_word' id='word_1_234' title='bbox 1667 3201 1872 3262; x_wconf 75' lang='lat' dir='ltr'><strong>verba</strong></span> <span class='ocrx_word' id='word_1_235' title='bbox 1910 3200 2042 3285; x_wconf 84' lang='lat' dir='ltr'><strong>illa,</strong></span> <span class='ocrx_word' id='word_1_236' title='bbox 2071 3210 2141 3263; x_wconf 84' lang='lat' dir='ltr'><strong>et</strong></span> <span class='ocrx_word' id='word_1_237' title='bbox 2181 3202 2400 3265; x_wconf 88' lang='lat' dir='ltr'><strong>socios</strong></span> <span class='ocrx_word' id='word_1_238' title='bbox 2434 3211 2617 3263; x_wconf 68' lang='lat' dir='ltr'><strong>moos</strong></span> <span class='ocrx_word' id='word_1_239' title='bbox 2657 3200 2916 3262; x_wconf 88' lang='lat' dir='ltr'><strong>territos</strong></span> 
     </span>
     <span class='ocr_line' id='line_1_29' title="bbox 579 3287 2915 3392; baseline 0.002 -26"><span class='ocrx_word' id='word_1_240' title='bbox 579 3302 974 3383; x_wconf 83' lang='lat' dir='ltr'><strong>confortavi,</strong></span> <span class='ocrx_word' id='word_1_241' title='bbox 1043 3303 1200 3385; x_wconf 87' lang='lat' dir='ltr'><strong>quia</strong></span> <span class='ocrx_word' id='word_1_242' title='bbox 1254 3287 1541 3392; x_wconf 70' lang='lat' dir='ltr'><strong>sciebam</strong></span> <span class='ocrx_word' id='word_1_243' title='bbox 1596 3309 2009 3387; x_wconf 78' lang='lat' dir='ltr'><strong>patronorum</strong></span> <span class='ocrx_word' id='word_1_244' title='bbox 2073 3304 2366 3370; x_wconf 81' lang='lat' dir='ltr'><strong>fallacias</strong></span> <span class='ocrx_word' id='word_1_245' title='bbox 2409 3306 2477 3368; x_wconf 88' lang='lat' dir='ltr'><strong>in</strong></span> <span class='ocrx_word' id='word_1_246' title='bbox 2540 3305 2665 3369; x_wconf 90' lang='lat' dir='ltr'><strong>hoc</strong></span> <span class='ocrx_word' id='word_1_247' title='bbox 2723 3304 2915 3371; x_wconf 78' lang='lat' dir='ltr'><strong>facto.</strong></span> 
     </span>
     <span class='ocr_line' id='line_1_30' title="bbox 575 3406 2918 3494; baseline 0 -23"><span class='ocrx_word' id='word_1_248' title='bbox 575 3410 679 3471; x_wconf 73' lang='lat' dir='ltr'><strong>ita</strong></span> <span class='ocrx_word' id='word_1_249' title='bbox 719 3407 936 3470; x_wconf 84' lang='lat' dir='ltr'><strong>etiam&#39;</strong></span> <span class='ocrx_word' id='word_1_250' title='bbox 959 3411 1062 3468; x_wconf 86' lang='lat' dir='ltr'><strong>me</strong></span> <span class='ocrx_word' id='word_1_251' title='bbox 1102 3406 1387 3493; x_wconf 71' lang='lat' dir='ltr'><strong>firmavi,</strong></span> <span class='ocrx_word' id='word_1_252' title='bbox 1432 3407 1603 3491; x_wconf 86' lang='lat' dir='ltr'><strong>quod</strong></span> <span class='ocrx_word' id='word_1_253' title='bbox 1646 3410 1706 3471; x_wconf 91' lang='lat' dir='ltr'><strong>si</strong></span> <span class='ocrx_word' id='word_1_254' title='bbox 1745 3429 1972 3473; x_wconf 83' lang='lat' dir='ltr'><strong>verum</strong></span> <span class='ocrx_word' id='word_1_255' title='bbox 2015 3411 2250 3474; x_wconf 78' lang='lat' dir='ltr'><strong>fuisset</strong></span> <span class='ocrx_word' id='word_1_256' title='bbox 2291 3411 2452 3494; x_wconf 91' lang='lat' dir='ltr'><strong>hoc,</strong></span> <span class='ocrx_word' id='word_1_257' title='bbox 2506 3408 2679 3494; x_wconf 85' lang='lat' dir='ltr'><strong>quod</strong></span> <span class='ocrx_word' id='word_1_258' title='bbox 2736 3408 2918 3471; x_wconf 80' lang='lat' dir='ltr'><strong>dice-</strong></span> 
     </span>
     <span class='ocr_line' id='line_1_31' title="bbox 583 3497 2914 3600; baseline 0 -24"><span class='ocrx_word' id='word_1_259' title='bbox 583 3514 803 3594; x_wconf 83' lang='lat' dir='ltr'><strong>batur,</strong></span> <span class='ocrx_word' id='word_1_260' title='bbox 886 3497 1303 3576; x_wconf 80' lang='lat' dir='ltr'><strong>nihilominus</strong></span> <span class='ocrx_word' id='word_1_261' title='bbox 1358 3512 1444 3576; x_wconf 82' lang='lat' dir='ltr'><strong>ad</strong></span> <span class='ocrx_word' id='word_1_262' title='bbox 1513 3524 1795 3579; x_wconf 82' lang='lat' dir='ltr'><strong>montem</strong></span> <span class='ocrx_word' id='word_1_263' title='bbox 1860 3515 2067 3600; x_wconf 85' lang='lat' dir='ltr'><strong>Synai</strong></span> <span class='ocrx_word' id='word_1_264' title='bbox 2109 3514 2252 3600; x_wconf 77' lang='lat' dir='ltr'><strong>(B)</strong></span> <span class='ocrx_word' id='word_1_265' title='bbox 2326 3515 2734 3579; x_wconf 83' lang='lat' dir='ltr'><strong>intendebam</strong></span> <span class='ocrx_word' id='word_1_266' title='bbox 2798 3514 2914 3594; x_wconf 88' lang='lat' dir='ltr'><strong>ire,</strong></span> 
     </span>
     <span class='ocr_line' id='line_1_32' title="bbox 571 3617 2918 3703; baseline -0.001 -21"><span class='ocrx_word' id='word_1_267' title='bbox 571 3621 739 3703; x_wconf 80' lang='lat' dir='ltr'><strong>quia</strong></span> <span class='ocrx_word' id='word_1_268' title='bbox 804 3617 932 3683; x_wconf 82' lang='lat' dir='ltr'><strong>etsi</strong></span> <span class='ocrx_word' id='word_1_269' title='bbox 1021 3618 1291 3681; x_wconf 83' lang='lat' dir='ltr'><strong>Arabes·</strong></span> <span class='ocrx_word' id='word_1_270' title='bbox 1364 3625 1663 3701; x_wconf 82' lang='lat' dir='ltr'><strong>poterant</strong></span> <span class='ocrx_word' id='word_1_271' title='bbox 1736 3619 2070 3685; x_wconf 85' lang='lat' dir='ltr'><strong>destruere</strong></span> <span class='ocrx_word' id='word_1_272' title='bbox 2149 3619 2434 3684; x_wconf 87' lang='lat' dir='ltr'><strong>Sanctae</strong></span> <span class='ocrx_word' id='word_1_273' title='bbox 2509 3620 2918 3683; x_wconf 80' lang='lat' dir='ltr'><strong>Katharinae</strong></span> 
     </span>
     <span class='ocr_line' id='line_1_33' title="bbox 572 3717 2918 3809; baseline -0.001 -22"><span class='ocrx_word' id='word_1_274' title='bbox 572 3726 1072 3808; x_wconf 78' lang='lat' dir='ltr'><strong>monasterium,</strong></span> <span class='ocrx_word' id='word_1_275' title='bbox 1149 3723 1219 3786; x_wconf 80' lang='lat' dir='ltr'><strong>et&#39;</strong></span> <span class='ocrx_word' id='word_1_276' title='bbox 1289 3717 1430 3806; x_wconf 76' lang='lat' dir='ltr'><strong>‘ejus</strong></span> <span class='ocrx_word' id='word_1_277' title='bbox 1470 3733 1738 3789; x_wconf 82' lang='lat' dir='ltr'><strong>vastare</strong></span> <span class='ocrx_word' id='word_1_278' title='bbox 1799 3726 2210 3809; x_wconf 84' lang='lat' dir='ltr'><strong>sepulchrum</strong></span> <span class='ocrx_word' id='word_1_279' title='bbox 2232 3772 2254 3809; x_wconf 90' lang='lat'><strong>,</strong></span> <span class='ocrx_word' id='word_1_280' title='bbox 2328 3742 2659 3808; x_wconf 86' lang='lat' dir='ltr'><strong>nunquam</strong></span> <span class='ocrx_word' id='word_1_281' title='bbox 2702 3731 2918 3786; x_wconf 83' lang='lat' dir='ltr'><strong>tamen</strong></span> 
     </span>
     <span class='ocr_line' id='line_1_34' title="bbox 567 3813 2917 3915; baseline -0.002 -23"><span class='ocrx_word' id='word_1_282' title='bbox 567 3837 884 3912; x_wconf 49' lang='lat' dir='ltr'><strong>,poterunt</strong></span> <span class='ocrx_word' id='word_1_283' title='bbox 925 3813 1203 3898; x_wconf 58' lang='lat' dir='ltr'><strong>monium</strong></span> <span class='ocrx_word' id='word_1_284' title='bbox 1242 3829 1369 3894; x_wconf 81' lang='lat' dir='ltr'><strong>Dei</strong></span> <span class='ocrx_word' id='word_1_285' title='bbox 1408 3829 1583 3894; x_wconf 85' lang='lat' dir='ltr'><strong>Oreb</strong></span> <span class='ocrx_word' id='word_1_286' title='bbox 1628 3840 1695 3895; x_wconf 86' lang='lat' dir='ltr'><strong>et</strong></span> <span class='ocrx_word' id='word_1_287' title='bbox 1719 3830 1928 3915; x_wconf 83' lang='lat' dir='ltr'><strong>Synai</strong></span> <span class='ocrx_word' id='word_1_288' title='bbox 1971 3831 2339 3915; x_wconf 86' lang='lat' dir='ltr'><strong>destruere,</strong></span> <span class='ocrx_word' id='word_1_289' title='bbox 2380 3837 2492 3894; x_wconf 85' lang='lat' dir='ltr'><strong>aut</strong></span> <span class='ocrx_word' id='word_1_290' title='bbox 2545 3828 2917 3906; x_wconf 78' lang='lat' dir='ltr'><strong>transferre,</strong></span> 
     </span>
     <span class='ocr_line' id='line_1_35' title="bbox 578 3929 2920 4021; baseline -0.003 -25"><span class='ocrx_word' id='word_1_291' title='bbox 578 3934 669 3996; x_wconf 84' lang='lat' dir='ltr'><strong>&#39;ad</strong></span> <span class='ocrx_word' id='word_1_292' title='bbox 720 3953 911 4017; x_wconf 86' lang='lat' dir='ltr'><strong>quem</strong></span> <span class='ocrx_word' id='word_1_293' title='bbox 978 3935 1189 4017; x_wconf 78' lang='lat' dir='ltr'><strong>magis</strong></span> <span class='ocrx_word' id='word_1_294' title='bbox 1244 3935 1637 4000; x_wconf 76' lang='lat' dir='ltr'><strong>anhelabam</strong></span> <span class='ocrx_word' id='word_1_295' title='bbox 1709 3954 1901 4021; x_wconf 88' lang='lat' dir='ltr'><strong>quam</strong></span> <span class='ocrx_word' id='word_1_296' title='bbox 1946 3936 2032 3999; x_wconf 87' lang='lat' dir='ltr'><strong>ad</strong></span> <span class='ocrx_word' id='word_1_297' title='bbox 2093 3936 2507 4019; x_wconf 82' lang='lat' dir='ltr'><strong>sepulchrum</strong></span> <span class='ocrx_word' id='word_1_298' title='bbox 2550 3930 2620 3993; x_wconf 87' lang='lat' dir='ltr'><strong>S.</strong></span> <span class='ocrx_word' id='word_1_299' title='bbox 2664 3929 2920 3992; x_wconf 78' lang='lat' dir='ltr'><strong>Katha-</strong></span> 
     </span>
     <span class='ocr_line' id='line_1_36' title="bbox 588 4031 2918 4122; baseline -0.003 -21"><span class='ocrx_word' id='word_1_300' title='bbox 588 4039 790 4108; x_wconf 64' lang='lat' dir='ltr'><strong>rinae⁶</strong></span> <span class='ocrx_word' id='word_1_301' title='bbox 873 4039 1037 4101; x_wconf 76' lang='lat' dir='ltr'><strong>&#39;l&#39;oto</strong></span> <span class='ocrx_word' id='word_1_302' title='bbox 1081 4035 1238 4121; x_wconf 85' lang='lat' dir='ltr'><strong>erg&#39;o</strong></span> <span class='ocrx_word' id='word_1_303' title='bbox 1289 4038 1395 4103; x_wconf 84' lang='lat' dir='ltr'><strong>die</strong></span> <span class='ocrx_word' id='word_1_304' title='bbox 1432 4039 1545 4103; x_wconf 90' lang='lat' dir='ltr'><strong>illo</strong></span> <span class='ocrx_word' id='word_1_305' title='bbox 1589 4038 1684 4101; x_wconf 83' lang='lat' dir='ltr'><strong>fui</strong></span> <span class='ocrx_word' id='word_1_306' title='bbox 1720 4040 1785 4101; x_wconf 81' lang='lat' dir='ltr'><strong>in</strong></span> <span class='ocrx_word' id='word_1_307' title='bbox 1825 4039 1936 4101; x_wconf 84' lang='lat' dir='ltr'><strong>illa</strong></span> <span class='ocrx_word' id='word_1_308' title='bbox 1978 4057 2050 4103; x_wconf 88' lang='lat' dir='ltr'><strong>re</strong></span> <span class='ocrx_word' id='word_1_309' title='bbox 2089 4048 2481 4122; x_wconf 72' lang='lat' dir='ltr'><strong>occupatus,</strong></span> <span class='ocrx_word' id='word_1_310' title='bbox 2543 4044 2616 4097; x_wconf 87' lang='lat' dir='ltr'><strong>ut</strong></span> <span class='ocrx_word' id='word_1_311' title='bbox 2656 4051 2790 4097; x_wconf 89' lang='lat' dir='ltr'><strong>rem</strong></span> <span class='ocrx_word' id='word_1_312' title='bbox 2832 4031 2918 4095; x_wconf 83' lang='lat' dir='ltr'><strong>ad</strong></span> 
     </span>
     <span class='ocr_line' id='line_1_37' title="bbox 583 4139 2920 4228; baseline -0.003 -21"><span class='ocrx_word' id='word_1_313' title='bbox 583 4160 776 4207; x_wconf 89' lang='lat' dir='ltr'><strong>suum</strong></span> <span class='ocrx_word' id='word_1_314' title='bbox 820 4144 1160 4207; x_wconf 84' lang='lat' dir='ltr'><strong>terminum</strong></span> <span class='ocrx_word' id='word_1_315' title='bbox 1204 4143 1589 4208; x_wconf 81' lang='lat' dir='ltr'><strong>deducerem</strong></span> <span class='ocrx_word' id='word_1_316' title='bbox 1645 4143 1712 4206; x_wconf 86' lang='lat' dir='ltr'><strong>in</strong></span> <span class='ocrx_word' id='word_1_317' title='bbox 1752 4141 1865 4205; x_wconf 89' lang='lat' dir='ltr'><strong>illa</strong></span> <span class='ocrx_word' id='word_1_318' title='bbox 1907 4144 2154 4226; x_wconf 86' lang='lat' dir='ltr'><strong>quiete;</strong></span> <span class='ocrx_word' id='word_1_319' title='bbox 2223 4160 2426 4228; x_wconf 82' lang='lat' dir='ltr'><strong>quare</strong></span> <span class='ocrx_word' id='word_1_320' title='bbox 2465 4147 2614 4223; x_wconf 85' lang='lat' dir='ltr'><strong>post</strong></span> <span class='ocrx_word' id='word_1_321' title='bbox 2676 4139 2920 4201; x_wconf 85' lang='lat' dir='ltr'><strong>exitum</strong></span> 
     </span>
     <span class='ocr_line' id='line_1_38' title="bbox 586 4242 2919 4332; baseline -0.002 -20"><span class='ocrx_word' id='word_1_322' title='bbox 586 4247 668 4312; x_wconf 81' lang='lat' dir='ltr'><strong>de</strong></span> <span class='ocrx_word' id='word_1_323' title='bbox 702 4246 898 4332; x_wconf 72' lang='lat' dir='ltr'><strong>galea</strong></span> <span class='ocrx_word' id='word_1_324' title='bbox 939 4249 1110 4312; x_wconf 86' lang='lat' dir='ltr'><strong>scivi</strong></span> <span class='ocrx_word' id='word_1_325' title='bbox 1151 4257 1405 4331; x_wconf 82' lang='lat' dir='ltr'><strong>tempus</strong></span> <span class='ocrx_word' id='word_1_326' title='bbox 1462 4247 1707 4311; x_wconf 80' lang='lat' dir='ltr'><strong>nullum</strong></span> <span class='ocrx_word' id='word_1_327' title='bbox 1750 4257 1987 4310; x_wconf 77' lang='lat' dir='ltr'><strong>vacare</strong></span> <span class='ocrx_word' id='word_1_328' title='bbox 2028 4248 2114 4311; x_wconf 83' lang='lat' dir='ltr'><strong>ad</strong></span> <span class='ocrx_word' id='word_1_329' title='bbox 2172 4244 2590 4312; x_wconf 75' lang='lat' dir='ltr'><strong>tractandum.</strong></span> <span class='ocrx_word' id='word_1_330' title='bbox 2677 4244 2753 4305; x_wconf 90' lang='lat' dir='ltr'><strong>ln</strong></span> <span class='ocrx_word' id='word_1_331' title='bbox 2794 4242 2919 4307; x_wconf 80' lang='lat' dir='ltr'><strong>&#39;illo</strong></span> 
     </span>
     <span class='ocr_line' id='line_1_39' title="bbox 580 4348 2920 4438; baseline -0.002 -21"><span class='ocrx_word' id='word_1_332' title='bbox 580 4352 691 4417; x_wconf 83' lang='lat' dir='ltr'><strong>die</strong></span> <span class='ocrx_word' id='word_1_333' title='bbox 731 4355 1089 4438; x_wconf 86' lang='lat' dir='ltr'><strong>incepimus</strong></span> <span class='ocrx_word' id='word_1_334' title='bbox 1149 4353 1353 4435; x_wconf 83' lang='lat' dir='ltr'><strong>primo</strong></span> <span class='ocrx_word' id='word_1_335' title='bbox 1396 4361 1662 4435; x_wconf 78' lang='lat' dir='ltr'><strong>gustare</strong></span> <span class='ocrx_word' id='word_1_336' title='bbox 1711 4348 1962 4415; x_wconf 84' lang='lat' dir='ltr'><strong>fructus</strong></span> <span class='ocrx_word' id='word_1_337' title='bbox 2015 4362 2227 4417; x_wconf 84' lang='lat' dir='ltr'><strong>terrae</strong></span> <span class='ocrx_word' id='word_1_338' title='bbox 2268 4360 2558 4435; x_wconf 85' lang='lat' dir='ltr'><strong>sanctae,</strong></span> <span class='ocrx_word' id='word_1_339' title='bbox 2609 4355 2674 4415; x_wconf 88' lang='lat' dir='ltr'><strong>et</strong></span> <span class='ocrx_word' id='word_1_340' title='bbox 2715 4366 2920 4435; x_wconf 87' lang='lat' dir='ltr'><strong>aquas</strong></span> 
     </span>
    </p>
   </div>
  </div>
 </body>
</html>
