3242 5259
1469 288 1601 354 25⁷

360 472 564 537 Jesus
625 486 788 540 usus
843 478 950 534 est
1006 470 1074 535 in
1138 469 1394 538 lotione·
1433 469 1683 558 pedum>
1734 487 1999 540 suorum
2062 471 2540 559 discipinam.
2622 479 2710 544 Et

362 577 513 641 licet
551 575 1026 659 Evangelistae
1062 575 1258 640 nihil.
1281 576 1501 640 dicant
1541 576 1629 642 de
1670 575 2097 643 calefactione
2155 599 2402 665 aquae,
2468 587 2709 649 verisi-

361 681 518 747 mile
557 691 776 745 tamen
830 689 955 764 est,
1011 681 1183 745 illam
1251 681 1554 746 lotionem
1611 702 1742 748 nou
1783 684 1909 750 nisi
1962 702 2134 769 aqua
2194 686 2407 751 calida
2469 688 2709 754 factam

362 804 534 850 esse.
620 783 819 870 Aqua
879 786 1052 850 enim
1112 786 1322 850 calida
1387 786 1617 851 melius
1682 789 1851 853 tollit
1915 790 2175 878 sordes,
2244 799 2311 854 et
2365 793 2569 876 pedes
2630 813 2711 859 ac

361 910 552 956 crura
612 889 978 955 consolidat
1031 901 1096 955 et
1153 899 1425 955 recreat.
1511 893 1930 958 Demonstrat
1995 896 2188 959 etiam
2254 915 2425 983 aqua
2494 900 2706 964 calida

359 998 666 1081 pietatem
710 1007 776 1059 et
815 996 1119 1064 affectum
1166 997 1364 1080 iltius,
1395 998 1506 1080 qui
1538 1015 1684 1061 eam
1726 1000 2002 1064 exhibet.
2047 1001 2198 1066 Non
2235 1005 2403 1066 enim
2446 999 2727 1094 signum'

360 1119 638 1185 magnae
693 1103 1016 1166 amicitiae
1079 1111 1215 1186 est,
1279 1104 1592 1187 praebere
1650 1104 1844 1169 alicui
1922 1124 2158 1190 aquam
2218 1108 2514 1191 frigidam
2590 1130 2708 1195 pro

359 1205 600 1271 lotione
640 1207 909 1292 pedum:
952 1207 1126 1270 sicut
1165 1224 1292 1270 uon
1320 1208 1580 1291 signum
1613 1227 1890 1294 magnae
1919 1210 2281 1276 dilectionis
2312 1222 2435 1298 est,
2463 1216 2708 1279 sitienti

359 1313 673 1396 praebere
728 1331 961 1398 aquam
1016 1310 1294 1375 calidam
1351 1322 1461 1376 aut
1503 1314 1784 1400 tepidam
1825 1336 1944 1400 pro
1987 1320 2267 1402 potione.
2359 1317 2487 1397 Qui
2531 1323 2704 1386 enim

359 1419 577 1482 tribuit
618 1418 888 1482 calicem
921 1436 1124 1502 aquae
1160 1416 1455 1501 frigidae,
1489 1418 1685 1483 babet
1727 1422 2088 1486 mercedem
2121 1441 2329 1507 suam,
2360 1434 2430 1488 ut
2469 1423 2707 1489 dicitur

359 1522 596 1592 nauh.
640 1520 738 1588 10.
822 1522 1010 1586 Sicut
1051 1532 1265 1588 autem
1308 1542 1479 1608 aqua
1521 1524 1759 1609 frigida
1802 1526 2252 1593 desiderabilis
2309 1538 2412 1592 est
2453 1530 2698 1594 sitienti

359 1647 476 1711 pro
520 1638 711 1713 potu3
771 1629 863 1692 ita
903 1647 1074 1713 aqua
1130 1628 1343 1693 calida
1400 1629 1807 1697 delectabilis
1858 1642 1957 1695 est
2000 1652 2117 1718 pro
2173 1634 2406 1718 pedum
2458 1634 2703 1698 lotione

359 1731 620 1797 lassato.
687 1733 840 1797 Nou
883 1744 1100 1798 autem
1140 1733 1531 1800 credendum
1575 1745 1699 1820 est,
1747 1736 2074 1803 Christum
2118 1739 2358 1822 aliquid
2401 1740 2706 1803 omisisse

359 1856 580 1902 eorum
597 1885 617 1921 ,
682 1856 854 1922 quae
916 1839 998 1903 ad
1056 1840 1512 1906 exhibitionem
1568 1843 1904 1926 perfectae
1969 1842 2305 1907 charitatis
2357 1846 2703 1928 pertinent.

358 1940 546 2007 Sicut
601 1962 761 2027 ergo
831 1943 1133 2010 Christus
1196 1948 1263 2010 in
1320 1964 1526 2011 coeua
1587 1964 1715 2010 non
1790 1944 1969 2010 dedit
2037 1947 2372 2032 discipulis
2434 1949 2702 2013 calicem

357 2065 568 2131 aquae
608 2048 914 2133 frigidae,
957 2049 1129 2135 quod
1194 2060 1408 2114 tamen
1460 2050 1545 2114 ad
1605 2052 1985 2116 charitatem
2046 2055 2359 2138 pertinet,
2426 2072 2570 2118 cum
2615 2055 2705 2118 sit

358 2154 770 2239 meritorium,
811 2164 882 2218 ut
916 2153 1054 2238 jam
1096 2155 1337 2220 dictum
1379 2165 1516 2238 est,
1558 2155 1682 2219 sed
1717 2157 1955 2239 tribuit,
2002 2157 2171 2242 quod
2217 2157 2703 2222 abundantioris

359 2259 696 2323 charitatis
738 2260 889 2342 fuit,
931 2259 1186 2326 scilicet
1227 2261 1496 2325 calicem
1539 2260 1799 2343 plenum
1842 2262 1999 2325 vino
2067 2263 2308 2345 optimo
2350 2271 2705 2345 temperate

358 2364 561 2428 mixto
603 2383 774 2449 aqua
817 2363 1083 2448 frigida:
1146 2366 1245 2428 sic
1285 2384 1417 2429 nou
1458 2365 1754 2449 praebuit
1795 2366 1860 2428 in
1902 2365 2138 2449 pedum
2182 2366 2427 2429 lotione
2467 2385 2700 2450 aquam

358 2468 697 2553 frigidam,
755 2470 927 2553 quod
965 2477 1184 2534 tamen
1247 2471 1505 2555 signum
1551 2469 1916 2534 dilectionis
1961 2469 2227 2554 fuisset,
2288 2470 2407 2534 sed
2467 2490 2702 2557 aquam

358 2573 635 2637 calidam
681 2574 1000 2660 exhibuit,
1044 2578 1111 2638 in
1161 2574 1417 2659 signum
1462 2574 1947 2638 abundantioris
1990 2573 2379 2659 dilectionis,
2423 2585 2492 2641 et
2536 2579 2701 2641 forte

358 2698 490 2742 non
531 2687 782 2744 tantum
823 2698 1058 2764 aquam
1118 2679 1391 2743 calidam
1458 2680 1855 2764 simplicem,
1915 2678 2033 2742 sed
2094 2679 2417 2763 aliquibus
2478 2681 2702 2745 herbis
2756 2691 2769 2704 ⁴

360 2792 427 2845 et
473 2781 793 2848 radicibus
834 2785 1174 2850 odoriferis
1216 2794 1284 2849 et
1324 2787 1655 2869 vigorosis
1691 2786 1915 2849 mixtis
1957 2784 2281 2868 aliquibus
2344 2785 2701 2869 liquoribus

359 2888 732 2952 aromaticis
774 2899 839 2953 et
867 2893 1055 2975 aquis
1086 2889 1424 2954 distillatis
1452 2889 1676 2952 tribuit
1704 2890 1774 2950 in
1807 2891 2063 2974 siguum
2106 2890 2703 2960 abundantissimae

355 2994 718 3064 charitatis,
730 2996 1197 3079 Improperavit
1210 2995 1688 3082 [exprobravit]
1703 3010 1982 3080 namque
2002 2992 2307 3058 Christus
2327 2996 2702 3081 Pharisaeo,
2742 2979 2753 2986 ⁸

357 3098 529 3184 quod
555 3118 788 3184 aquam
817 3100 1092 3185 pedibus
1133 3102 1272 3166 suis
1307 3120 1438 3166 nou
1465 3100 1781 3184 dedisset,
1808 3107 1876 3162 et
1914 3096 2202 3163 laudavit
2218 3099 2700 3186 magdalenam,

358 3203 532 3288 quod
572 3214 905 3289 unguento
947 3205 1152 3291 pedes
1196 3214 1265 3270 et
1308 3207 1541 3272 calidis
1588 3205 1940 3290 lachrymis
1983 3204 2127 3287 ejus
2168 3205 2485 3269 diluisset.
2538 3204 2703 3269 Plus

357 3317 575 3373 autem
640 3311 859 3375 dilexit
926 3310 1230 3376 Christus
1303 3311 1688 3396 discipulos,
1760 3329 1954 3394 quam
2003 3311 2214 3375 Maria
2286 3310 2698 3395 Magdalena,

359 3411 722 3478 Christum.
808 3415 964 3482 Ideo
1006 3435 1239 3501 aquam
1281 3435 1506 3480 sanam
1568 3416 1843 3480 calidam
1888 3425 2307 3499 temperatam
2353 3415 2698 3499 pretiosis-

358 3519 543 3583 simis
582 3518 939 3604 liquoribus
980 3524 1249 3588 mixtam
1292 3521 1533 3585 tribuit.
1623 3520 1939 3584 Stetimus
1983 3537 2141 3603 ergo
2202 3523 2271 3582 in
2320 3519 2463 3583 loco
2505 3520 2700 3603 hujus

357 3632 628 3687 sanctae
692 3628 1042 3710 coquinae,
1126 3627 1239 3690 ubi
1321 3625 1513 3690 hodie
1565 3625 1778 3688 adhuc
1837 3632 1974 3687 stat
2046 3625 2352 3708 antiquus
2418 3634 2482 3686 et
2526 3625 2699 3688 altus

359 3744 604 3812 murus,
647 3729 900 3796 habens
937 3749 1056 3814 per
1096 3731 1360 3814 longum
1400 3747 1661 3795 sursum
1705 3726 2025 3812 quandam
2067 3738 2467 3812 cavaturam,
2512 3731 2699 3814 quasi

356 3849 473 3915 pro
517 3832 693 3898 fumo
755 3836 1118 3900 exhalando
1160 3837 1241 3898 ab
1284 3835 1455 3919 igue.
1538 3835 1626 3896 Et
1665 3835 1733 3896 in
1801 3832 1944 3897 loco
2011 3850 2230 3917 genua
2292 3833 2590 3897 fleximus
2633 3842 2701 3898 et

282 3940 290 3946 ’
358 3937 685 4003 orationes
727 3943 1164 4026 praescriptas
1207 3937 1516 4024 legimus,
1562 3946 1629 3999 et
1670 3936 2107 4022 indulgentias
2153 3939 2515 4023 recepimus
2554 3939 2697 4026 st).

2210 4452 2278 4512 1¹1
