3242 5259
1674 339 1799 410 196

562 531 869 604 stratum,
909 520 1039 585 nisi
1082 518 1408 585 horridum
1451 507 1974 616 sterquilinium?
2028 473 2138 584 Ad
2179 522 2347 590 haee
2366 517 2763 608 Dominus‚*
2772 544 2905 589 non

565 641 688 715 est,
731 629 958 712 inquit,
1000 642 1236 690 servus
1277 624 1484 710 major
1533 625 1814 694 Domino
1854 643 2012 709 suo,
2056 613 2270 710 neque
2310 609 2665 709 discipulus
2706 643 2906 711 snper

566 735 976 820 magistrum,
1035 747 1253 813 neque
1307 730 1643 813 apostolus
1708 727 1911 814 major
1959 745 2038 794 eo
2082 731 2194 814 qui
2247 732 2422 795 misit
2476 729 2677 800 illum.
2752 729 2905 800 Vos

563 839 819 906 vocatu
858 855 965 901 me
1007 835 1321 917 magister
1361 842 1428 897 et
1468 834 1782 918 Domine,
1842 844 1906 898 et
1947 836 2116 898 bene
2158 831 2407 921 dicitis,
2451 853 2598 901 sum
2641 837 2900 900 etenim.

560 943 638 1008 Si
679 957 843 1028 ergo
884 942 1054 1005 haee
1098 948 1165 1003 et
1207 938 1456 1023 majora
1496 940 1599 1005 his
1658 958 1898 1024 passus
1934 958 2119 1024 sum,
2186 951 2253 1004 et
2294 958 2418 1005 vos
2460 942 2687 1006 eadem
2742 959 2905 1025 pas-

559 1051 747 1114 sione
787 1046 1142 1110 armamini.
1229 1045 1512 1109 Advena
1552 1064 1677 1128 ego
1713 1045 1806 1109 fui
1855 1046 1923 1110 in
1965 1054 2138 1108 terra
2179 1046 2343 1129 hac,
2389 1055 2455 1109 et
2497 1045 2903 1131 peregrinus,

558 1162 626 1217 et
691 1148 946 1242 quando
1009 1152 1217 1234 primo
1274 1147 1381 1213 die
1435 1149 1520 1213 de
1600 1152 1762 1214 mari
1829 1149 2091 1213 divinae
2163 1150 2621 1234 profunditatis
2688 1160 2755 1216 et
2818 1152 2904 1216 de

561 1257 868 1334 navicula
930 1257 1099 1320 uteri
1161 1253 1504 1340 virginalis
1557 1254 1640 1319 ad
1697 1255 1867 1319 hano
1933 1263 2173 1320 terram
2239 1255 2583 1345 descendi,
2647 1277 2777 1322 non
2831 1259 2901 1322 in

559 1363 868 1447 triclinio,
928 1360 1046 1425 sed
1111 1360 1179 1423 in
1233 1359 1490 1424 stabulo
1556 1360 1834 1443 foetido,
1896 1360 1967 1423 in
2035 1359 2395 1425 diversorio
2456 1363 2777 1447 inquieto,
2831 1363 2903 1426 in

559 1467 923 1553 pandochio
965 1464 1346 1530 defectuoso
1390 1465 1484 1529 sni
1526 1473 1908 1548 susceptust
1970 1481 2094 1528 neo
2133 1465 2202 1529 in
2244 1466 2418 1529 molli
2462 1468 2733 1552 lectulo,
2760 1466 2901 1532 ‘sed

556 1575 625 1637 in
667 1572 1007 1656 praesepio
1051 1570 1211 1636 duro
1247 1572 1481 1635 stravit
1513 1571 1674 1634 mihi
1719 1579 1923 1633 mater
1962 1588 2109 1633 mea
2156 1570 2568 1657 dulcissima,
2624 1581 2691 1635 et
2732 1574 2903 1636 inter

557 1679 810 1741 bestias
847 1673 1217 1758 collocavit,
1253 1678 1407 1759 quia
1447 1675 1610 1740 alias
1662 1695 1792 1738 non
1835 1683 1976 1737 erat
2009 1676 2164 1739 mihi
2200 1676 2384 1740 loeus
2422 1679 2488 1740 in
2520 1677 2896 1746 diversorio.

561 1784 640 1846 ln
682 1773 998 1852 tota’vita
1039 1799 1185 1843 mea
1221 1781 1547 1863 propriam
1576 1781 1979 1846 mansionem
2018 1800 2149 1844 non
2174 1782 2370 1847 habui
2412 1784 2481 1846 in
2522 1791 2697 1846 terra
2737 1784 2896 1847 hae:

557 1888 716 1972 qnia
752 1887 819 1949 in
857 1886 1118 1969 'propria
1156 1885 1416 1970 quidem
1460 1887 1644 1967 veni,
1684 1884 1807 1947 sed
1851 1887 1976 1948 mei
2020 1905 2127 1948 me
2168 1905 2297 1950 non
2340 1887 2739 1971 receperunt.
2783 1889 2901 1949 In-

556 1987 783 2077 quilini
828 1991 1001 2053 enim
1042 1989 1274 2053 domus
1316 2006 1499 2052 meae
1526 1991 1699 2054 sieut
1724 1990 2004 2053 alienum
2043 1991 2403 2056 habuerunt
2432 1993 2569 2077 ἰαῦ,
2597 1997 2663 2055 et
2707 1992 2899 2080 qnasi

553 2097 976 2186 peregrinus„
1006 2094 1098 2158 fui
1168 2095 1239 2158 in
1325 2095 1534 2160 oculis
1612 2114 1868 2178 eorum,
1941 2095 2090 2159 Job.
2157 2097 2254 2162 19.
2363 2099 2439 2160 ln
2522 2099 2647 2161 hae
2719 2107 2893 2160 terra

555 2204 790 2288 vulpes
833 2187 1078 2268 'foveas
1138 2200 1409 2283 habent,
1468 2210 1533 2264 et
1576 2201 1879 2294 volueres
1934 2199 2101 2264 coeli
2168 2200 2387 2284 nidos3
2446 2201 2623 2268 fliius
2680 2212 2897 2268 autem

556 2310 834 2374 hominis
900 2326 1030 2370 non
1096 2306 1318 2370 habuit
1377 2307 1487 2370 ubi
1551 2314 1751 2389 eaput
1800 2323 1991 2368 suum
2054 2304 2412 2370 reclinaret.
2502 2309 2575 2371 Si
2638 2307 2896 2391 quidem

555 2434 685 2478 non
727 2414 853 2476 sub
897 2420 1149 2476 murata
1188 2411 1549 2495 testudine,
1591 2410 1712 2475 sed
1753 2411 1821 2474 in
1883 2417 2101 2474 monte
2142 2412 2265 2475 sub
2309 2410 2461 2475 divo
2527 2414 2900 2498 frequenter

554 2538 732 2584 eram
775 2538 891 2602 per
953 2527 1181 2581 noctes
1223 2518 1291 2580 in
1354 2518 1661 2582 oratione.
1747 2516 2047 2600 Denique
2099 2517 2168 2579 in
2212 2516 2518 2600 opulenta
2559 2527 2624 2581 et
2688 2517 2896 2601 regali

553 2609 817 2691 civitate
837 2622 1206 2686 Jerusalem
1247 2625 1377 2686 non
1417 2623 1613 2687 habui
1655 2632 1947 2706 stratum,
1977 2622 2103 2685 nisi
2144 2621 2639 2705 ignominiosum
2681 2625 2896 2688 oruois

553 2728 947 2818 patibulum,
1016 2746 1140 2792 nee
1206 2728 1403 2794 habui
1471 2731 1800 2813 proprium
1874 2727 1995 2792 sed
2060 2725 2343 2791 alienum
2415 2736 2567 2811 post
2623 2737 2894 2792 mortem

557 2837 992 2920 sepulchrum.
1081 2833 1199 2897 Sio
1241 2835 1413 2899 enim
1476 2836 1756 2920 oportuit
1815 2833 2017 2897 filium
2058 2834 2336 2898 hominis
2389 2830 2544 2914 (76
2563 2830 2672 2913 Α)
2735 2834 2894 2916 pati,

519 2957 536 2978 ·
558 2945 627 3006 ot
666 2943 760 3006 ita
810 2941 1051 3003 intrare
1090 2940 1158 3003 in
1218 2940 1490 3022 gloriam
1548 2958 1755 3003 suam.
1843 2939 1997 3002 Non
2040 2956 2199 3022 ergo
2262 2936 2497 3002 dilecte
2551 2937 2895 3020 peregrine

554 3043 643 3107 sit
684 3044 799 3107 tibi
817 3021 1216 3125 'molestum,
1257 3046 1336 3106 ‘si
1395 3046 1463 3107 in
1503 3054 1679 3107 terra
1717 3044 1844 3107 hae
1885 3061 2016 3105 non
2052 3043 2256 3106 habes
2317 3043 2511 3107 molle
2568 3042 2895 3106 lectister-

553 3145 762 3229 nium,
821 3146 884 3208 si
947 3145 1204 3212 loearis.
1240 3143 1308 3209 in
1388 3148 1862 3231 sterquilinium
1880 3191 1901 3229 ,
1978 3147 2040 3209 si
2100 3147 2449 3231 hospitaris
2513 3150 2581 3212 in
2636 3150 2894 3212 sentina

548 3249 1112 3322 inmundiciarum,
1178 3249 1552 3334 Recordare
1603 3250 1777 3337 quod
1818 3251 2139 3314 Dominus
2180 3254 2457 3316 suscitat
2497 3254 2579 3317 de
2620 3253 2892 3338 pulvere

552 3343 978 3442 &Qualibet
1018 3355 1102 3420 de
1141 3364 1432 3419 stercore
1474 3357 1667 3441 erigit
1699 3373 2084 3439 pauperem,
2149 3365 2218 3421 ut
2252 3358 2479 3422 sedeat
2520 3377 2665 3422 oum
2709 3360 2892 3443 prin-

555 3463 808 3547 cipibus
847 3470 917 3530 et
965 3460 1212 3558 csolium
1264 3462 1520 3552 gloriae·
1567 3471 1805 3526 teneat.
1842 3499 1851 3508 -
1914 3458 2032 3525 Sie
2067 3461 2291 3527 David
2357 3466 2651 3529 existens
2706 3464 2893 3548 juxta

557 3568 642 3636 de
714 3576 868 3658 ppst
929 3563 1253 3633 foetantes
1317 3570 1573 3651 accepit
1638 3587 1786 3632 eum
1839 3577 1904 3631 et
1968 3586 2191 3651 regem
2256 3568 2477 3633 Jsrael
2540 3570 2892 3634 constituit.

555 3672 849 3758 Inclytus
885 3674 1019 3740 Job
1074 3674 1550 3760 depauperatus
1604 3684 1672 3739 et
1714 3675 1933 3738 ulcere
1974 3674 2259 3757 pessimo
2320 3691 2678 3758 percussus
2722 3672 2894 3738 sedit

551 3781 619 3843 in
662 3778 1110 3865 sterquilinio,
1161 3788 1231 3844 et
1273 3798 1396 3844 sua
1435 3780 1749 3864 patientia
1803 3780 2088 3865 duplicia
2146 3781 2511 3863 promeruit.
2596 3781 2672 3841 In
2715 3787 2892 3841 ster-

553 3885 822 3971 quilinio
853 3886 1040 3948 enim
1075 3885 1232 3949 dioit
1293 3882 1653 3968 Gregorius
1707 3904 1905 3969 super
1957 3885 2087 3949 Job
2147 3884 2305 3948 latet
2358 3883 2702 3964 margarita
2742 3880 2889 3966 Dei,

551 3990 805 4060 seilicet
866 3990 1149 4074 oogm'tio
1210 3983 1510 4073 propriae
1562 3987 1868 4072 vilitatis,
1934 3998 2001 4052 et
2061 3989 2403 4071 abnegatio
2466 3987 2885 4071 paupertatis.

551 4098 746 4162 Hane
784 4093 1195 4179 margaritam
1236 4104 1309 4159 tu
1343 4094 1693 4179 peregrine
1731 4111 2006 4178 quaere,
2072 4093 2319 4156 sedens·
2355 4095 2423 4155 in
2463 4091 2884 4175 sterquilinio.

551 4203 679 4268 His
736 4200 973 4265 auditis
1042 4199 1321 4263 devotus
1381 4200 1763 4283 peregrinus
1833 4199 2079 4281 gratias
2158 4199 2326 4281 agit,
2401 4215 2521 4280 pro
2579 4215 2656 4262 eo
2714 4195 2889 4281 quod

499 4307 790 4394 ,dignus
833 4316 934 4370 en
993 4306 1255 4398 habitus
1318 4322 1470 4369 esse
1521 4306 1806 4382 imitator
1859 4305 1963 4366 sui
2012 4303 2295 4372 Domini.
2381 4303 2586 4386 Igitur
2633 4304 2699 4366 in
2745 4302 2888 4365 loeo

552 4411 966 4497 turpitudinis
1042 4411 1474 4476 existentibus
1558 4417 1879 4474 venerunt
1975 4408 2322 4475 sarraceni
2417 4426 2742 4495 pauperes
2817 4415 2884 4471 et
