3242 5259
1517 372 1645 440 148

395 553 842 640 putredinibus
893 560 1267 638 generatae,
1311 552 1469 616 nibil
1522 559 1739 616 tamen
1759 566 2186 617 -venemsmn
2224 555 2294 617 in
2314 556 2418 619 -ea
2448 557 2747 639 generari

393 669 509 723 aut
528 660 796 739 ,vivere
817 668 1056 742 potest.
1139 659 1236 723 lbi
1278 653 1451 721 enfin
1494 676 1622 722 non
1659 668 1811 722 sunt
1853 659 2264 742 scorpiones,
2305 677 2430 723 nec
2462 663 2747 746 viperae,

396 782 522 827 nec
594 762 906 846 bufones,
982 779 1109 825 nec
1169 778 1430 827 vermes
1498 759 1879 847 perniciosi,
1944 779 2069 827 nec
2148 776 2444 828 naneae.
2527 765 2748 850 Aqua

397 886 680 953 namque
737 867 938 930 maris
999 885 1257 931 venena
1337 866 1634 953 depellit,
1710 867 2070 950 scorpionis
2143 877 2504 951 punctum·
2532 880 2745 955 sanat,

401 976 773 1056 viperarum
817 979 885 1034 et
925 981 1299 1056 serpentum
1363 990 1619 1037 morsus
1662 982 1876 1055 curat,
1934 979 2002 1035 et
2042 972 2339 1036 omnibus
2400 977 2747 1038 venenatis

398 1078 843 1141 contrariatur.
925 1070 1013 1139 Et
1054 1076 1182 1138 nisi
1223 1074 1445 1139 divina
1503 1075 1911 1160 providentia
1950 1077 2051 1140 sic
2109 1076 2509 1160 ordinasset,
2551 1097 2745 1146 semo

398 1183 467 1244 in
507 1184 767 1265 magnis
807 1188 876 1243 et
925 1180 1212 1263 antiquis
1253 1181 1530 1245 navibus
1574 1199 1836 1246 manere
1876 1189 2129 1268 posset.
2191 1181 2506 1265 Magnum
2549 1183 2744 1246 etiam

400 1285 687 1348 taedium
732 1293 834 1347 est
884 1287 1247 1368 peregrinis
1297 1288 1365 1350 in
1407 1289 1721 1350 stratione
1771 1287 2153 1350 lectulorum
2195 1304 2344 1350 sero
2359 1330 2380 1370 ,
2443 1296 2510 1348 et
2551 1303 2745 1350 mane
2793 1355 2804 1366 ,

398 1388 904 1471 recolligatione.
990 1391 1191 1453 Mane
1230 1393 1404 1454 enim
1445 1390 1750 1455 lectulum
1792 1409 1939 1455 cum
1984 1392 2484 1474 linteaminibus,
2526 1394 2746 1454 cervi-

397 1494 684 1575 calibus,
752 1501 819 1555 et
883 1497 1276 1577 tegumentis
1337 1496 1608 1579 quilibet
1674 1497 1940 1580 colligat
1994 1496 2184 1580 fune,
2246 1504 2311 1558 et
2354 1496 2438 1559 ad
2485 1495 2744 1560 clavum

399 1617 599 1683 super
640 1606 834 1680 caput
876 1616 1067 1663 suum
1109 1600 1176 1662 in
1220 1600 1467 1681 pariete
1513 1603 1705 1665 navis
1757 1602 2024 1665 infixum
2067 1598 2439 1684 suspendit,
2501 1607 2580 1663 ut·
2627 1617 2746 1681 per

401 1703 572 1769 diem
605 1704 694 1765 sit
725 1702 816 1764 ibi
858 1702 1022 1766 liber
1065 1705 1414 1788 transitus,
1457 1716 1524 1769 et
1563 1725 1712 1770 sero
1755 1707 1987 1770 iterum
2031 1706 2296 1789 deponit
2328 1714 2411 1768 et
2450 1700 2755 1787 resolvit,

401 1818 467 1870 et
510 1808 636 1870 sibi
691 1808 954 1871 sternit:
1015 1816 1082 1871 et
1141 1807 1296 1871 hoc·
1329 1809 1525 1873 habet
1581 1829 1883 1895 magnam
1950 1811 2239 1895 rattgam.
2326 1809 2746 1876 Galeatarnm

400 1912 750 1977 infidelitas
793 1922 861 1975 et
918 1914 1240 1996 rapacitas
1292 1915 1567 1978 molesta
1609 1925 1714 1978 est
1754 1917 2151 1999 peregrinis,
2210 1917 2363 2000 quia
2420 1915 2504 1980 de
2565 1914 2747 1978 nulla

400 2036 473 2082 re
512 2018 728 2080 securi
770 2026 956 2100 sunt,
1000 2017 1308 2102 quidquid
1350 2019 1611 2103 galeota
1653 2021 2113 2104 apprehendit,
2152 2019 2281 2084 hoc
2325 2023 2509 2105 rapit.
2570 2020 2746 2083 ·1dee

399 2122 891 2205 prohibitionem
932 2123 1172 2186 habent
1212 2122 1544 2208 galeotae,
1610 2125 1784 2209 quod
1826 2126 2044 2190 nullus
2096 2125 2295 2189 audet
2350 2127 2417 2189 in
2461 2127 2747 2189 carinam

401 2226 801 2291 descendero
843 2226 926 2290 ad
967 2229 1236 2292 cumbas
1276 2231 1762 2313 peregrinorum
1775 2275 1797 2314 ,
1862 2248 1988 2294 nec
2026 2232 2248 2294 vocati
2290 2248 2333 2293 a
2380 2231 2746 2314 peregrinis

402 2334 545 2397 ausi
587 2342 738 2397 sunt
776 2331 1192 2397 descendere.

401 2497 905 2591 Avisamenta‚
963 2523 1010 2573 a
1058 2496 1316 2596 quibus
1363 2519 1450 2572 se
1498 2495 1724 2572 debet
1768 2495 2202 2612 peregrinus
2247 2497 2619 2576 custodire
2667 2507 2749 2576 et

1043 2618 1311 2672 cavere
1357 2594 1434 2669 in
1483 2594 1665 2671 mari
1712 2595 2098 2695 navigans.

569 2779 964 2863 Peregrinus
1007 2786 1220 2841 terrae
1260 2784 1534 2840 sanctae
1576 2796 1707 2840 non
1750 2776 1961 2841 solum
2006 2775 2198 2841 debet
2238 2794 2494 2855 navers,
2539 2798 2623 2838 ue
2663 2778 2747 2842 sit

406 2884 680 2949 vitiosus
722 2884 973 2966 animo,
1038 2891 1105 2945 et
1145 2901 1231 2945 nc
1271 2883 1527 2946 animae
1568 2880 1859 2965 pericula
1900 2882 2219 2945 incurrat:
2266 2882 2382 2946 sm!
2430 2886 2619 2942 eliam
2663 2902 2748 2942 ne

403 2990 488 3052 sit
534 2990 1146 3070 incircumspectus,
1224 2994 1296 3050 ut
1375 3004 1504 3049 non
1565 2987 1854 3050 incurrat
1916 2988 2094 3051 vitae
2164 2995 2232 3050 et
2294 2990 2579 3070 corporis
2643 2990 2743 3046 sui

404 3092 656 3158 damna.
722 3089 877 3174 (55
895 3091 1002 3174 A)
1084 3091 1238 3155 Ideo
1299 3092 1426 3156 boc
1483 3093 1552 3154 in
1612 3090 1756 3154 loco
1825 3111 2070 3176 ponere
2132 3092 2282 3156 volu
2350 3094 2751 3154 avisamenta

404 3201 767 3284 peregrino,
810 3215 987 3260 mare
1013 3193 1442 3280 tansfretanti,
1484 3197 1894 3264 necessaria:
1935 3216 2065 3261 non
2109 3198 2365 3282 quidem
2414 3198 2539 3278 illa,
2587 3218 2755 3278 quae

405 3305 725 3386 pertinent
767 3300 849 3364 ad
872 3299 1263 3365 medicorum
1306 3301 1909 3386 considerationem,
1940 3300 2061 3366 sed
2104 3320 2205 3385 ea,
2242 3322 2410 3386 quae-
2454 3310 2751 3382 speeiem

410 3409 493 3470 ad
528 3406 877 3470 amicorum
917 3406 1459 3491 ammonitionem,
1502 3416 1569 3470 et
1616 3424 1785 3490 quae
1828 3408 2227 3491 experientia
2270 3410 2482 3470 didici.
2551 3406 2751 3470 Cum-

407 3514 686 3576 muniter
728 3511 897 3575 enim
933 3508 1168 3575 medici
1204 3510 1481 3574 suadent
1521 3515 1903 3596 peregrinis,
1926 3522 1998 3576 ut
2030 3526 2302 3579 caveam
2342 3534 2378 3574 a
2418 3514 2751 3594 frus-tibus,

411 3635 451 3680 a
493 3623 651 3701 potu
694 3633 935 3699 aquae,
998 3615 1082 3678 ab
1126 3620 1278 3679 aere
1318 3618 1602 3699 marino,
1648 3634 1689 3679 a
1730 3617 2054 3702 piscibus3
2120 3625 2183 3679 et
2228 3630 2450 3678 eontra
2498 3618 2751 3678 calores

413 3720 581 3785 haec
621 3720 995 3804 conferunt,
1045 3729 1109 3783 et
1146 3729 1372 3783 contra
1416 3720 1660 3804 frigora
1699 3720 1814 3783 illa
1854 3722 2250 3785 ministrant:
2295 3730 2521 3785 contra
2563 3722 2753 3785 sitem

406 3833 477 3889 et
517 3834 744 3890 contra
784 3825 1346 3908 constipationem,
1391 3833 1456 3888 et
1496 3832 1725 3888 contra
1769 3826 2019 3889 ventris
2061 3826 2323 3918 nimiam
2365 3825 2756 3889 laxationem

410 3929 674 3995 diversa
717 3928 1001 3994 remedia
1060 3931 1375 3993 tribuuntt
1440 3938 1507 3993 et
1548 3939 1775 3993 contra
1827 3931 2215 4015 vertiginem
2263 3936 2329 3994 et
2370 3930 2452 3994 ad
2495 3949 2759 4016 promo-

409 4034 695 4099 vendum
739 4035 1128 4120 appetitum,
1193 4042 1261 4098 et
1314 4045 1541 4100 contra
1596 4052 1883 4099 venena:
1948 4043 2015 4098 et
2055 4034 2183 4100 alia
2241 4035 2444 4099 multa
2502 4035 2659 4099 dant
2693 4043 2759 4098 et

404 4139 685 4203 suadent
767 4139 1084 4224 navigare
1165 4140 1572 4227 volentibus3
1652 4160 1822 4227 quae
1905 4149 2083 4204 certe
2142 4138 2430 4205 salubria
2485 4150 2550 4205 et
2592 4141 2760 4204 bona

407 4252 582 4329 sunt,
625 4248 695 4308 et
748 4243 1022 4309 medicis
1066 4246 1407 4331 sequelam
1448 4247 1520 4311 in
1559 4246 1667 4312 his
1722 4255 2059 4332 praestare
2098 4245 2411 4310 rationale
2452 4254 2571 4310 est.
2613 4247 2762 4308 Hoc

413 4356 630 4413 tamen
681 4349 892 4413 fateor
931 4369 1042 4415 me
1081 4350 1368 4416 vidisse:
1415 4353 1570 4417 novi
1613 4352 1930 4438 quosdam
1971 4352 2380 4438 peregrinos,
2430 4350 2542 4435 qui
2579 4357 2765 4412 tanta

423 4453 763 4538 diligentia
805 4462 872 4519 et
915 4454 1132 4520 studio
1173 4455 1481 4523 mandata
1516 4456 1911 4525 medicorum
1934 4449 2303 4524 ‘servabant
2323 4499 2346 4538 ,
2388 4450 2561 4537 quod
2603 4450 2762 4516 nihil
