3242 5259
651 484 784 538 tres
826 474 1051 538 mundi
1113 474 1504 558 principales
1550 486 1768 558 partes
1817 476 2077 559 attingit
2120 475 2284 537 haec
2327 476 2779 561 peregrinatio,
2817 485 2888 539 ut
2924 478 2994 541 in

650 598 962 664 processu
1007 578 1337 642 secundae
1378 581 1581 662 partis
1620 581 1891 662 patebit.
1977 582 2053 643 In
2100 598 2300 662 super
2339 598 2453 664 ea,
2510 599 2679 664 quae
2732 582 2887 644 mihi
2931 591 2996 642 et

650 687 796 749 aliis
840 685 1347 768 comperegrinis
1402 683 1778 748 acciderunt
1834 703 2146 769 prospera
2187 693 2253 746 et
2296 684 2609 769 adversa,
2671 704 2891 748 amara
2931 694 2996 748 et

650 791 893 874 dulcia,
959 809 1043 853 ex
1087 780 1418 872 proposito
1487 799 1551 852 et
1596 808 1640 852 a
1677 794 1871 874 casu,
1935 799 2001 852 ct
2065 789 2382 871 quaedam
2426 790 2886 875 indifferentia,
2930 801 2996 853 et

652 898 871 979 aliqua
914 892 1309 976 singularia,
1374 894 1607 977 intuit'u
1672 903 2038 975 vestratum
2092 895 2473 957 charitatum
2537 897 2876 979 annotavi,
2929 904 2997 957 et

652 999 814 1064 adeo
854 998 936 1062 ad
980 997 1393 1081 particularia
1443 998 1866 1071 determinate
1881 998 2238 1079 descendi,
2279 1007 2349 1059 ut
2394 999 2692 1061 narrandi
2735 999 2995 1062 modum

647 1103 1081 1185 excesserim,
1155 1102 1494 1184 ipsamque
1568 1103 2001 1173 narrationem
2071 1101 2436 1165 intricatam
2519 1101 2991 1185 quodammodo

646 1207 1048 1271 reddiderim.
1158 1203 1449 1288 Contigit
1531 1206 1704 1268 enim
1747 1198 1931 1267 'mihi
2004 1207 2174 1269 sicut
2215 1280 2228 1297 ·
2259 1207 2529 1268 multum
2613 1205 2993 1269 affectuosis

649 1313 1027 1397 frequenter
1090 1309 1388 1372 accidere
1444 1309 1646 1386 solet,
1723 1310 1836 1392 qui
1897 1309 2048 1373 dum
2105 1310 2432 1394 ‘'dinate,
2465 1321 2557 1403 ²,et
2601 1314 2682 1374 de
2737 1332 2841 1396 re,
2886 1312 2991 1375 cui

646 1417 1053 1498 afficiuntur,
1111 1413 1371 1497 aliquid·
1399 1413 1614 1476 dicere
1658 1424 1766 1499 aut
1805 1433 2164 1499 proponere
2209 1413 2479 1499 debent,
2525 1436 2676 1501 mox
2718 1415 2994 1478 affectus

651 1524 967 1586 rationem
1037 1519 1469 1602 praeveniens
1534 1521 1888 1585 orationem
1967 1522 2178 1603 ipsam
2252 1522 2819 1605 interruptionibus
2884 1529 2995 1582 aut

649 1624 953 1709 impedit,
1001 1632 1113 1685 aut
1150 1624 1410 1706 penitus
1455 1624 1862 1687 confundit..
1987 1682 2030 1725 t

820 1725 969 1805 Qua
1010 1728 1077 1789 in
1119 1747 1190 1789 re
1223 1727 1370 1811 (B)
1393 1726 1669 1790 affectus
1708 1729 1917 1811 magis
1954 1738 2353 1813 pensatur„
2315 1731 2562 1792 “ratius
2598 1738 2991 1813 acceptatur,

649 1832 982 1895 liberalius
1067 1841 1545 1916 remuneratur,
1626 1841 1698 1897 et
1753 1834 1813 1894 si
1878 1832 2029 1915 quid
2096 1835 2263 1896 forte
2336 1834 2695 1896 inordinate
2778 1844 2994 1896 actum

650 1937 883 2021 fuerit,
967 1944 1079 1999 aut
1141 1937 1351 2000 minus
1416 1946 1642 1999 ornate
1717 1938 2156 2020 propaeitum,
2220 1936 2483 1999 affectui
2536 1954 2665 1999 non
2733 1935 2994 1998 effectui

647 2042 1024 2125 ascribitur,
1065 2038 1239 2125 quod
1283 2050 1349 2104 et
1385 2041 1577 2129 minz)
1636 2049 1860 2123 utpote
1912 2059 2163 2105 summe
2229 2040 2677 2124 affectionato,
2734 2050 2865 2102 tam
2908 2040 2994 2102 ad

645 2155 906 2210 vestras
949 2146 1335 2229 charitates,
1379 2165 1574 2228 quam
1617 2144 1700 2207 ad
1743 2147 2079 2208 materiam
2129 2145 2471 2229 traditam,
2514 2165 2624 2207 oro
2669 2145 2826 2212 fieri.
2906 2146 2994 2208 Ut

645 2269 804 2334 ergo
869 2250 1111 2315 clarius
1170 2258 1237 2312 et
1292 2251 1531 2313 latius·
1506 2267 1804 2345 upossem
1866 2251 2056 2313 vobis
2121 2250 2325 2332 hanc,
2387 2268 2581 2333 quam
2648 2248 2992 2333 petivistiS‚

645 2355 1143 2438 descriptionem
1172 2355 1451 2439 tradere,
1479 2362 1745 2438 peracta
1772 2355 1977 2437 prim
2012 2355 2528 2439 peregrinatione
2555 2356 2623 2417 in
2647 2353 2995 2418 Conventu

647 2461 1062 2543 consistens,
1142 2459 1468 2525 laboriose
1544 2464 1867 2543 evagatus
1943 2476 2121 2542 sum,
2206 2477 2503 2542 peneque
2574 2478 2692 2542 per
2769 2478 2992 2523 omnes

648 2564 1023 2629 Canonicae
1066 2573 1131 2626 et
1196 2563 1574 2629 chatolicae
1629 2565 2050 2657 Scripturae
2031 2564 2264 2629 olihros
2325 2564 2604 2646 legendo
2669 2574 2887 2629 textus
2929 2575 2995 2628 et

644 2671 941 2753 glossas,
985 2669 1422 2765 peregrinalia
1461 2669 1656 2732 etiam
1698 2671 1968 2733 militum
2010 2687 2184 2735 nova
2225 2676 2290 2732 et
2332 2679 2560 2734 vetera
2599 2671 2881 2753 perlegi,
2928 2679 2994 2732 et

649 2776 1121 2859 descriptiones
1175 2783 1387 2838 terrae
1449 2782 1719 2837 sanctae
1782 2776 2084 2871 anquas
2137 2782 2204 2837 et
2264 2772 2610 2837 modernas
2666 2776 2991 2858 perspexi,

646 2881 730 2945 de
771 2883 1007 2967 quibus
1051 2880 1350 2945 omnibus
1396 2879 1549 2963 tuli,
1621 2878 1935 2963 quidquid
1995 2877 2409 2942 deserviebat
2454 2879 2784 2969 proposito
2826 2897 2992 2963 meo,

645 3005 731 3051 ex
795 3004 925 3068 qua
987 2985 1343 3048 collectura
1408 2981 1660 3067 grande
1695 2984 2032 3047 volumen
2107 2982 2526 3064 comportavi.
2628 2978 2757 3049 Pro
2816 2992 2993 3045 certo

648 3098 864 3153 autem
908 3089 1076 3172 dico,
1103 3088 1276 3173 quod
1318 3107 1449 3151 non
1492 3097 1743 3152 tantum
1786 3088 2072 3152 laborem
2111 3088 2308 3151 habui
2346 3085 2429 3148 de
2472 3085 2614 3149 loco
2655 3086 2738 3149 ad
2779 3087 2993 3151 locum

646 3192 1155 3276 peregrinando,
1216 3200 1527 3277 quantum
1569 3193 1767 3256 habui
1809 3193 1893 3256 de
1935 3193 2097 3256 libro
2137 3192 2222 3256 ad
2270 3192 2503 3256 librum
2552 3192 2990 3276 discurrendo,

647 3317 820 3382 quae
887 3299 1121 3384 rendo,
1197 3297 1514 3381 legendo,
1579 3306 1645 3359 et
1702 3297 2083 3381 scribendo,
2159 3299 2403 3382 scripta
2480 3297 2862 3379 corrigendo
2926 3306 2992 3359 et

644 3403 1116 3469 concordando.
1192 3402 1330 3466 Sed
1371 3403 1523 3486 mia
1561 3411 1714 3485 post
1775 3404 1941 3467 haec
1973 3404 2198 3466 omnia
2237 3404 2305 3466 in
2347 3403 2565 3479 multis
2609 3401 2840 3467 dubius
2883 3422 2994 3466 re-

642 3510 859 3572 mansi
901 3518 967 3571 et
1006 3510 1313 3594 incertus,
1354 3510 1508 3593 quia
1548 3506 1756 3572 multa
1795 3507 2086 3591 legeram
2129 3518 2193 3572 et
2221 3526 2432 3592 pauo:
2470 3508 2781 3593 videram,
2823 3506 3016 3592 ideo,-

644 3622 717 3677 ut
769 3613 1077 3707 certiores
1139 3634 1262 3679 vos
1334 3613 1705 3697 redderem,
1786 3623 1854 3676 et
1922 3576 2332 3680 audentius*
2346 3615 2635 3678 scribere
2705 3632 2992 3697 possem,

644 3718 888 3782 Iterato
929 3736 1109 3782 mare
1150 3721 1424 3784 transivi
1467 3719 1552 3783 ad
1595 3719 1930 3783 civitatem
1964 3729 2259 3784 sanctam
2315 3720 2716 3803 Jerusalem,
2776 3720 2993 3802 ibique

643 3823 711 3885 in
739 3822 902 3886 locis
928 3825 1175 3887 sanctis
1200 3825 1419 3888 multis
1455 3825 1686 3889 diebus
1719 3824 1908 3909 degi3
1951 3835 2101 3909 post
2128 3842 2295 3909 quos
2325 3842 2631 3906 magnum
2667 3823 2992 3888 desertum

645 3926 907 4009 intravi,
952 3935 1017 3991 et
1051 3947 1171 4011 per
1190 3930 1500 3994 Arabiam
1537 3930 1621 3994 ad
1657 3939 1942 3994 montem
1969 3930 2198 4013 Synai,
2241 3938 2308 3991 et
2338 3927 2490 3990 inde
2527 3928 2595 3991 in
2614 3928 2995 4013 Aegyptum

645 4031 956 4096 descendi
998 4052 1116 4116 per
1156 4052 1335 4099 oram
1376 4036 1575 4099 maris
1602 4035 1808 4097 rubri:
1853 4035 2210 4117 Accipiens
2253 4033 2322 4095 in
2360 4033 2656 4097 omnibus
2692 4035 2797 4098 his
2828 4034 2993 4099 locis

643 4137 1131 4223 certitudinem,
1175 4142 1524 4207 conferens
1567 4157 1683 4222 ea,
1725 4157 1897 4223 quae
1939 4140 2121 4221 prius
2166 4138 2451 4221 legeram
2494 4148 2561 4202 et
2601 4138 2993 4223 collegeram

649 4241 733 4305 ad
775 4243 922 4326 ipsa
962 4242 1147 4323 loca,
1205 4255 1273 4311 et
1334 4244 1864 4315 concordantias*
1890 4252 2261 4309 sanctarum
2309 4230 2782 4328 'scripturarum
2842 4261 2995 4309 cum

649 4346 849 4432 locis,
907 4357 975 4412 et
1014 4347 1162 4414 loca
1218 4368 1369 4416 cum
1428 4350 1768 4435 scripturis
1828 4359 2141 4436 quantum
2193 4351 2413 4436 potui,
2475 4350 2873 4435 investigavi
2926 4361 2993 4417 et
