3242 5259
1402 285 1522 351 sm

299 465 366 527 in
401 481 705 548 magnum
756 461 1003 529 Christi
1056 465 1458 550 despectum.
1548 467 2022 549 Compassione
2066 468 2157 534 ibi
2205 469 2363 532 moti
2410 468 2646 536 ruimus

297 587 498 652 super
540 569 780 634 Christi
823 570 1220 655 nuditatem,
1267 580 1331 633 et
1376 581 1566 634 cautu
1618 571 1800 666 finito
1869 572 2078 635 lecum
2123 570 2483 638 deosculati
2525 593 2646 639 su-

300 691 483 756 mus,
522 683 590 737 et
633 673 1075 760 indulgentias
1119 677 1479 760 recepimus
1521 677 1661 760 st).

301 918 586 1015 Sedes,
637 921 711 997 in
759 948 900 1024 qua
958 922 1311 999 Dominus
1354 922 1584 999 Jesus
1627 919 1822 999 sedit
1876 922 1947 999 in
1995 948 2129 998 sua
2173 924 2639 1003 coronatione

1286 1067 1634 1147 poenosa.

464 1213 778 1295 Egressis
838 1211 1025 1277 nobis
1090 1212 1172 1276 de
1212 1213 1342 1277 ista
1396 1213 1654 1297 capella
1709 1212 1791 1276 ad
1835 1213 2142 1277 ulteriora
2204 1212 2640 1297 processimus

294 1335 444 1381 cum
481 1317 738 1401 lugubri
782 1327 979 1381 cantu
1044 1317 1129 1382 de
1169 1321 1583 1384 coronatione
1622 1319 1888 1383 Domini
1939 1320 2009 1382 in
2049 1336 2171 1382 sua
2227 1321 2642 1382 coronatione

294 1442 537 1488 corona
571 1427 835 1508 spinea,
879 1433 947 1488 et.
986 1428 1054 1488 in
1098 1443 1292 1489 unam
1338 1425 1652 1507 capellam
1699 1424 1890 1486 aliam
1930 1424 2234 1486 venimus
2277 1424 2638 1502 obscuram,

295 1528 484 1612 cujus
526 1531 721 1593 unica
783 1532 1072 1593 fenestra
1127 1531 1425 1593 obturata
1484 1528 1812 1612 lapidibus
1857 1529 2012 1611 fuit,
2074 1537 2141 1591 et
2183 1528 2385 1592 altare
2443 1531 2510 1591 in
2561 1547 2642 1592 ea

292 1633 633 1717 pulchrum
672 1643 735 1698 et
778 1636 1134 1717 integrum,
1208 1633 1329 1697 sed
1390 1635 1537 1696 sine
1595 1633 1790 1716 pallis
1835 1643 1960 1698 etc.
2048 1633 2186 1698 Sub
2243 1635 2387 1716 ipso
2451 1634 2638 1697 altari

293 1747 429 1801 stat
479 1756 647 1802 unus
692 1739 1001 1803 rotundus
1063 1738 1265 1821 lapis,
1323 1756 1402 1801 ac
1441 1742 1501 1800 si
1547 1739 1782 1801 fuisset
1846 1756 1999 1821 pars
2042 1741 2235 1802 unius
2298 1739 2638 1801 columnae

294 1853 521 1907 sectae
558 1845 625 1907 iu
671 1851 915 1926 partes.
999 1844 1133 1906 Hic
1174 1844 1339 1926 lapis
1402 1853 1692 1925 tempore
1757 1845 2081 1927 passionis
2148 1844 2392 1909 Christi
2453 1845 2636 1907 stetit

291 1950 359 2012 in
405 1949 597 2015 domo
644 1949 870 2030 Pilati,
914 1958 1067 2012 ante
1106 1948 1428 2012 stabulum
1471 1949 1824 2032 mularum,
1877 1969 1991 2032 pro
2037 1951 2225 2024 sntltoeg
2279 1967 2414 2011 [τιᾞι
2466 1955 2630 2011 cuim

292 2055 387 2117 ita
424 2053 812 2136 dispositus,
877 2052 1048 2136 quod
1107 2054 1228 2118 fuit
1269 2074 1385 2137 pro
1441 2055 1743 2117 sessione
1810 2064 2019 2137 aptus.
2121 2059 2434 2115 'solentes
2478 2075 2634 2139 ergo

164 2208 178 2217 .
291 2158 636 2224 Dominum
697 2160 926 2242 spinea
978 2177 1216 2224 corona
1270 2178 1617 2237 coronare,
1682 2158 2032 2223 volverunt.
2089 2163 2357 2239 lapideum:
2422 2179 2458 2219 a
2514 2179 2634 2223 sun

293 2262 437 2327 loco
481 2263 548 2327 in
590 2265 1019 2347 praetorium,
1061 2273 1129 2326 et
1168 2263 1510 2328 Dominum
1564 2264 1795 2326 Jesum
1839 2263 2117 2346 desuper
2177 2267 2410 2327 sedere
2456 2267 2634 2327 fenti-

226 2423 239 2440 .
295 2377 476 2450 runt,
552 2388 825 2454 eumque
901 2370 1235 2434 sedentem
1303 2387 1501 2451 super
1575 2369 1750 2431 hunc
1815 2368 2086 2451 lapidem
2161 2383 2630 2435 coronaverunt

292 2475 525 2555 spinis.
603 2475 767 2538 Post
826 2477 1199 2558 passionem
1270 2482 1481 2536 autem
1549 2470 1796 2536 Christi
1853 2474 2077 2538 fidele-5
2153 2495 2293 2535 num
2353 2475 2630 2555 lapidum

288 2577 421 2643 huc
462 2587 881 2661 portaverunt
922 2581 991 2643 in
1049 2596 1400 2662 perennem
1464 2579 1836 2641 memoriam
1906 2578 2077 2641 illius
2141 2579 2522 2643 durissimas
2566 2591 2630 2643 ut

290 2684 936 2765 opprobriosissimae
1000 2685 1454 2751 coronationis.
1561 2679 2013 2747 Postravimus
2097 2703 2249 2763 ergo
2333 2703 2450 2747 nos
2470 2731 2486 2761 ‚
2566 2695 2626 2747 et

290 2786 641 2850 adorantes
680 2788 1025 2852 Dominum
1069 2788 1343 2872 lapidem
1387 2788 1561 2851 huuc
1617 2789 1916 2851 manibus
1978 2795 2305 2871 tengnnus
2329 2835 2345 2867 ,
2414 2799 2474 2851 nt
2522 2807 2634 2851 orn

292 2891 647 2955 deosculati
691 2909 936 2978 sumus,
983 2904 1048 2957 et
1088 2892 1528 2975 indulgentias
1570 2894 1948 2974 accepimus
1990 2894 2123 2973 (ἦ).
2197 2895 2273 2955 Εἰ
2321 2911 2418 2975 nu?
2466 2911 2630 2975 quan

291 3013 534 3079 passus
576 3006 677 3059 est
713 2998 1029 3063 Dominus
1072 2997 1313 3061 sedens
1355 3014 1554 3078 super
1591 2996 1766 3059 hunc
1808 2997 2103 3080 lapidum:¹
2133 2999 2209 3059 acl
2261 3003 2626 3059 mnium-ism

292 3099 687 3185 reduximus,
729 3103 1048 3185 quomodo
1077 3102 1395 3165 Dominus
1426 3101 1632 3164 Jesus
1676 3100 1941 3165 indutus
1977 3102 2289 3167 derisorio
2333 3123 2630 3187 pnrpursff.

291 3205 670 3271 arundinem
712 3225 828 3290 pro
871 3217 1130 3292 sceptro
1173 3225 1367 3270 manu
1416 3215 1677 3290 tenens,
1720 3225 1960 3273 corona
2000 3215 2225 3293 spinea
2265 3223 2630 3291 coronatus,

291 3310 501 3375 oculis
572 3312 862 3394 velatus,
946 3321 1339 3397 consputus,
1418 3312 1900 3396 colaphisatus,
1969 3314 2176 3397 alapis
2255 3329 2631 3397 percussus,

289 3414 604 3479 arundine
649 3416 911 3510 laesusQ
943 3436 1060 3501 per
1099 3419 1251 3482 Ave
1290 3418 1653 3502 salutatus,
1695 3417 1846 3482 Rex
1885 3418 2283 3483 Judaeorum
2326 3427 2629 3501 vocatus,

290 3521 607 3603 propheta
648 3523 1048 3608 nominatus,
1092 3533 1161 3587 et
1225 3524 1400 3588 mille
1459 3524 1802 3607 puncturis
1853 3523 2183 3605 spinarum
2227 3524 2630 3607 vulneratus,

291 3633 425 3688 toto
468 3623 750 3709 denique
790 3645 1060 3711 corpore
1102 3648 1186 3691 ex
1243 3629 1680 3712 flagellatione
1718 3627 2150 3711 praecedente
2211 3628 2628 3711 dilaceratus,

289 3730 569 3794 irrisioni
630 3733 886 3815 publice
963 3735 1333 3817 expositus,
1402 3743 1470 3797 et
1529 3736 1622 3797 ita
1686 3734 1922 3816 plenus
1985 3735 2329 3816 opprobrio
2387 3734 2454 3796 in
2507 3734 2634 3801 hoc

289 3834 507 3918 lapide
542 3836 714 3900 sedit
754 3846 1078 3920 tamquam
1126 3837 1277 3902 Rex
1313 3840 1382 3901 in
1420 3839 1620 3922 solio,
1657 3839 2002 3901 manifeste
2044 3838 2434 3920 ostendens,
2478 3857 2632 3922 reg-

289 3958 441 4003 num
485 3958 673 4005 suum
735 3961 865 4005 non
913 3960 1066 4007 esse
1108 3943 1192 4007 de
1230 3944 1359 4007 hoo
1400 3941 1658 4009 mundo.
1748 3943 1942 4007 Unde
2012 3942 2244 4011 Sancti
2299 3941 2628 4024 Christum

284 4063 509 4129 regem
576 4064 706 4109 non
794 4059 1196 4133 agnoscunt,
1274 4048 1404 4112 nisi
1466 4058 1658 4132 prout.
1723 4049 1903 4114 sedit
1971 4057 2317 4113 coronatus
2375 4052 2443 4114 in
2505 4049 2632 4139 119⁶

288 4149 521 4232 lapide.
621 4152 937 4236 Legimus
999 4156 1171 4219 enim
1234 4152 1319 4217 de
1376 4152 1448 4216 S.
1522 4154 1813 4219 Martiuo
1826 4199 1847 4237 ,
1922 4155 2098 4239 qued
2180 4157 2306 4221 sibi
2360 4156 2635 4241 spiritus

289 4254 631 4337 malignus·
654 4260 976 4342 apparuit,
1023 4277 1260 4323 corona
1289 4276 1488 4322 aurea
1530 4267 1599 4321 et
1638 4277 1923 4343 purpura
1962 4261 2249 4345 indutus,
2295 4268 2362 4323 et.
2404 4260 2633 4341 splen-

291 4356 443 4420 dido
519 4359 752 4425 decore
817 4362 1290 4448 circumdatus,
1368 4363 1629 4443 dicens,
1696 4382 1773 4427 se
1837 4381 1988 4428 esse
2069 4364 2419 4429 Christum.
2510 4360 2632 4424 Cui

2083 4463 2149 4520 19
2175 4464 2206 4499 '¹‘
