3242 5259
1664 402 1673 415 ,
1721 318 1851 404 ais

529 524 590 583 ,⁸⁸
614 514 925 601 capellam
964 508 1205 583 Graes
1241 516 1314 583 ln
1349 514 1606 583 Officiis
1648 502 2015 603 prevident.
2054 520 2165 591 tx
2194 536 2434 606 magua
2475 532 2691 589 autem
2716 527 2966 591 rationo

614 621 858 704 antiqui
902 625 1125 702 patres
1168 619 1319 685 huic
1358 624 1775 687 sanctissimo
1820 626 2063 708 templo
2098 629 2310 689 sancti
2348 627 2682 710 sepulchri
2725 629 2967 712 adJun-

612 732 848 792 xerunt
914 723 1259 788 ecclesiam
1320 723 1390 786 S.
1456 726 1711 790 Mariae
1766 728 2217 812 magdalenae.
2324 728 2497 794 Nam
2538 749 2687 795 cum
2736 753 2967 799 omnes

611 831 889 915 apostoli
947 829 1123 893 hunc
1181 828 1558 895 desererent
1618 832 1826 897 locum
1857 878 1876 916 ,
1936 843 2007 897 et
2061 853 2104 896 a
2156 835 2503 918 sepulchro
2564 836 2965 924 recederent,

611 941 759 1020 ipsa
796 935 1010 998 Maria
1069 932 1466 1017 Magdalena
1541 936 1689 1001 sola
1735 939 1801 1000 in
1866 939 2052 1003 horto
2109 942 2390 1023 mansit,
2464 942 2855 1006 circumiens
2900 954 2968 1007 et.

612 1058 953 1125 quaerens,
998 1055 1123 1101 nee
1159 1041 1397 1103 abesse
1435 1048 1688 1123 poterat
1728 1044 1885 1107 huic
1949 1044 2132 1127 loco;
2178 1062 2307 1127 qua
2348 1044 2693 1109 sedulitate
2728 1049 2969 1111 meruit

610 1147 718 1212 hic
759 1145 999 1209 habere
1041 1144 1409 1227 oratorium,
1451 1154 1526 1207 ut
1543 1148 1874 1229 perpetuis
1923 1149 2319 1231 temporibus
2361 1148 2472 1212 hic
2518 1149 2962 1215 honoraretur.

608 1254 684 1315 In
727 1252 852 1315 hac
892 1249 1144 1333 capella
1184 1247 1376 1313 dictis
1418 1252 1838 1334 praescriptis
1879 1254 2275 1318 orationibus
2348 1260 2417 1315 et
2499 1257 2789 1338 “ceptis
2852 1256 2966 1319 in-

613 1357 972 1440 dulgentiis
1002 1355 1124 1437 (†)
1167 1357 1559 1419 recessimus
1602 1355 1686 1421 ad
1732 1356 1877 1419 alia.

831 1605 1106 1698 Locus,
1155 1604 1230 1681 in
1281 1626 1424 1708 quo
1469 1602 1769 1684 volebat
1816 1599 2189 1680 Abraham
2239 1605 2504 1683 offerre
2548 1600 2768 1682 filium

1562 1750 1770 1805 suum
1820 1725 2052 1801 Isaac.

783 1904 1076 1985 Quatuor
1136 1904 1428 1991 capellae
1470 1905 1803 1991 praefatae
1866 1914 2044 1969 stant
2104 1924 2222 1991 per
2297 1906 2634 1971 circuitum
2701 1906 2961 1990 plateae

614 2010 724 2074 vel
770 2011 916 2074 atrii
957 2012 1181 2096 templi
1218 2014 1428 2076 sancti
1464 2011 1812 2095 sepulchri,
1856 2020 1923 2073 et
1966 2010 2051 2074 de
2092 2012 2256 2075 atrio
2319 2012 2463 2074 sine
2507 2029 2789 2076 ascensu
2844 2012 2956 2075 vel

610 2115 933 2180 descensu
979 2125 1083 2180 est
1125 2119 1423 2181 introitus
1455 2118 1521 2181 in
1564 2135 1700 2200 eas,
1746 2117 1981 2199 quibus
2024 2117 2307 2180 visitatis
2334 2163 2355 2200 ,
2412 2126 2482 2180 ut
2545 2116 2784 2181 dictum
2830 2126 2957 2200 est,

608 2223 993 2286 retraximus
1038 2241 1159 2286 nos
1191 2222 1274 2285 ad
1316 2223 1611 2286 dextrum
1655 2221 1826 2283 latus
1871 2221 2038 2305 atrii,
2083 2230 2149 2284 et
2189 2224 2277 2285 ibi
2320 2241 2437 2305 per
2478 2239 2675 2284 unum
2720 2222 2956 2286 ostium

607 2325 891 2410 ingressi
925 2346 1042 2410 per
1083 2331 1429 2393 obscurum
1473 2328 1810 2391 transitum
1855 2327 2093 2390 ivimus
2128 2328 2196 2390 in
2228 2328 2564 2391 veteribus
2611 2329 2955 2391 structuris

607 2432 719 2514 lta,
765 2432 937 2517 quod
981 2435 1242 2517 penitus
1282 2434 1371 2497 nil
1414 2433 1643 2497 videre
1682 2439 2074 2515 poteramus,
2119 2451 2203 2494 ex
2251 2451 2329 2496 eo
2373 2431 2545 2516 quod
2588 2431 2774 2495 locus
2818 2441 2957 2494 erat

607 2536 941 2621 obscurus,
987 2549 1051 2603 et
1092 2557 1213 2603 nos
1257 2548 1551 2602 recenter
1594 2532 1678 2600 de
1718 2536 2175 2621 splendoribus
2229 2536 2388 2600 solis
2426 2538 2492 2600 in
2535 2537 2747 2602 locum
2789 2537 2955 2601 cali-

604 2643 904 2725 ginosum
941 2644 1223 2729 ingressi
1267 2645 1611 2708 fueramus.
1699 2646 1775 2706 In
1818 2645 1947 2707 ista
2003 2643 2282 2726 caligine
2338 2642 2775 2725 processimus
2837 2660 2954 2727 per

607 2746 852 2833 aliquot
914 2766 1184 2834 passus,
1250 2759 1318 2813 et
1380 2752 1680 2814 venimus
1748 2749 1831 2812 ad
1893 2747 2137 2832 gradus
2205 2747 2501 2830 lapideos
2522 2793 2543 2831 ,
2609 2766 2726 2831 per
2789 2763 2954 2832 quos

607 2870 864 2917 sursum
911 2855 1361 2939 ascendimus,
1405 2865 1472 2919 et
1528 2856 1781 2942 aliquos
1845 2852 2118 2918 cellulas
2166 2852 2257 2916 ibi
2301 2854 2656 2936 reperimus
2714 2859 2782 2914 et
2835 2868 2956 2916 ca-

608 2959 915 3045 merulae,
955 2962 1023 3023 in
1066 2962 1299 3045 quibus
1320 2961 1579 3045 quidam
1604 2960 1827 3024 miseri
1852 2958 2208 3024 Christiani
2252 2958 2601 3021 orientales
2642 2956 2955 3039 habitant,

610 3061 691 3125 ad
736 3080 901 3149 quas
944 3064 1383 3149 pulsavimus,
1449 3072 1516 3130 et
1579 3084 1709 3128 non
1776 3065 1903 3127 nisi
1958 3082 2152 3127 unam
2211 3063 2538 3128 servulam
2593 3070 2661 3123 et
2700 3062 2953 3145 nigram

607 3166 898 3229 vetulam
939 3168 1028 3231 ibi
1071 3166 1457 3255 invenimus,
1501 3188 1692 3254 quae,
1734 3179 1807 3233 ut
1853 3186 1976 3234 nos
2026 3168 2213 3253 vidit,
2257 3168 2575 3232 reseravit
2618 3166 2953 3250 capellam,

471 3300 480 3309 -
608 3278 867 3355 propter
910 3288 1101 3353 quam
1145 3274 1667 3339 ascenderamus.
1754 3272 1878 3338 Est
1915 3275 2086 3337 enim
2128 3275 2388 3358 ,capena
2426 3271 2728 3357 pulchra,
2768 3274 2953 3336 vario

607 3382 679 3439 et
721 3374 918 3461 polito
982 3394 1295 3442 marmore
1348 3384 1591 3464 strata,
1648 3394 1846 3463 super
1900 3388 2185 3443 montem
2228 3376 2579 3444 calvariae
2643 3379 2772 3441 sita
2795 3423 2816 3461 ,
2868 3375 2953 3439 ad

605 3478 780 3544 latus
822 3482 1034 3546 crucis
1075 3486 1275 3568 rupis,
1320 3493 1506 3547 extra
1545 3492 1764 3547 tamen
1805 3484 2123 3548 ecclesiae
2166 3493 2374 3569 septa.
2470 3482 2658 3547 Haec
2700 3480 2952 3564 capella

610 3585 843 3653 dicitur
893 3589 961 3653 in
1016 3608 1094 3652 eo
1157 3589 1297 3653 loco
1365 3598 1770 3675 constructa,
1825 3592 1896 3652 in
1940 3609 2067 3674 quo
2108 3588 2433 3655 Abraham
2479 3608 2564 3652 ex
2605 3596 2949 3672 praecepto

606 3691 865 3758 Domini
887 3697 1149 3760 volebat
1190 3696 1524 3760 immolare
1565 3694 1767 3760 filium
1844 3714 2031 3760 suum
2076 3699 2299 3780 Isaac,
2333 3695 2523 3779 juxta
2562 3697 2950 3758 sententiam

465 3802 476 3811 '
607 3800 1066 3866 catholicorum
1109 3799 1459 3886 doctorum,
1501 3802 1842 3886 Jeronymi
1885 3810 1950 3865 et
1991 3801 2379 3885 Augustini,
2422 3811 2511 3865 et=
2545 3803 2739 3864 etiam
2780 3798 2950 3862 nabi

606 3900 1021 3969 Judaeorum.
1108 3905 1246 3971 Alfi
1286 3915 1503 3971 tamen
1543 3906 1765 3971 dicere
1804 3907 2052 3987 volunt,
2096 3907 2270 3992 quod
2308 3909 2376 3971 in
2398 3914 2618 3972 monte
2644 3905 2825 3990 Seyr
2838 3903 2949 3967 vel

485 3994 500 4009 ⁸
609 4003 925 4072 Sardenai
966 4029 1168 4094 prope
1206 4011 1600 4076 Damascum
1642 4014 1733 4074 sit
1793 4012 2050 4075 factum.
2139 4011 2398 4077 caeteri
2460 4011 2713 4096 dicunt,
2776 4008 2948 4095 quod

609 4112 674 4174 in
717 4119 937 4175 monte
974 4115 1206 4199 Mor-ia,
1250 4117 1318 4179 in
1360 4134 1489 4202 quo
1523 4115 1835 4181 Salomon
1877 4118 2030 4199 p‘ost
2072 4134 2155 4181 ea
2210 4117 2519 4201 templum
2565 4117 2950 4199 construxit,

605 4218 694 4280 sit
749 4216 1011 4282 factum.
1111 4216 1250 4285 Sed
1304 4230 1593 4287 nostrum
1654 4219 1898 4295 dietim
1962 4223 2171 4307 magis
2230 4233 2338 4288 est
2382 4223 2775 4291 catholicum
2793 4267 2817 4307 ,
2878 4229 2949 4286 et

607 4322 835 4387 rationi
883 4340 1275 4405 consonum,
1343 4337 1414 4391 ut
1458 4327 1670 4414 figura
1710 4337 1778 4392 et
1813 4328 2060 4393 veritas
2082 4373 2105 4413 ,
2162 4331 2357 4394 etiam
2419 4329 2637 4415 quoad
2711 4328 2948 4413 locum,

603 4432 1117 4515 convenientiam
1161 4434 1490 4522 haberent.
1537 4428 1733 4521 Quia,
1773 4435 1948 4499 sicut
1981 4434 2317 4501 Abraham·
2355 4437 2613 4522 proprio
2648 4450 2774 4500 suo
2816 4428 2948 4498 ulio
