3242 5259
1638 293 1726 358 64

502 477 676 559 suis3
746 485 812 539 et
872 476 1098 540 statim
1159 477 1363 541 misso
1428 477 1665 550 nuncio
1718 476 1805 541 ad
1868 487 2261 556 currentum
2318 498 2429 543 me
2485 483 2851 546 accersivit.

503 580 803 665 Cumque
844 581 929 645 ad
970 600 1120 644 eum
1163 583 1231 644 in
1253 583 1605 666 hospitium
1648 600 1841 648 suum
1878 584 2231 668 venissem,
2260 584 2691 669 interrogavit
2727 606 2852 671 me,

501 695 810 770 tanquam
888 687 1230 752 consilium
1288 690 1608 770 petiturus
1676 686 1760 751 de
1831 690 2145 771 regimine
2210 688 2425 753 debito
2494 691 2852 756 volentium

499 793 923 856 transfretare
965 810 1148 856 mare
1190 803 1259 855 et
1315 795 1718 877 peregrinari
1758 793 1825 856 in
1867 793 2242 858 Ierusalem.
2324 794 2592 878 Audivi,
2625 798 2852 881 inquit,

499 898 876 980 vosJuisse
917 899 990 961 in
1033 900 1483 966 transmarinis
1551 900 1881 981 partibus3
1947 899 2272 964 consulite
2332 920 2581 985 quaeso
2600 947 2623 986 ‚
2685 920 2856 986 quae

500 1022 607 1066 me
647 1014 939 1088 oporteat
989 1003 1211 1068 facere
1256 1002 1418 1086 (B),
1461 1014 1530 1068 ut
1573 1003 1914 1067 incolumis
1959 1006 2199 1069 reverti
2243 1025 2495 1088 queam.
2555 1007 2851 1091 Intende,

499 1111 612 1192 ait,
653 1111 921 1176 visitare
964 1120 1197 1173 terram
1238 1120 1530 1172 sanctam
1572 1118 1639 1171 et
1680 1109 2077 1193 praeclaram
2131 1112 2460 1175 civitatem
2481 1113 2854 1197 Ierusalem,
2935 1124 2943 1131 ’

502 1226 572 1280 et
612 1235 930 1301 praesepe
949 1215 1218 1278 Domini'
1254 1213 1723 1298 dulcissimum,
1765 1223 1832 1277 et
1873 1214 2294 1298 sepulchrum
2309 1216 2570 1280 Domini
2611 1217 2858 1301 glorio-

503 1321 866 1385 sissimum:
913 1321 1146 1403 dicite,
1191 1337 1369 1402 rogo,
1421 1317 1839 1383 difficultates
1883 1328 1951 1382 et
1993 1321 2295 1384 remedia.
2414 1321 2543 1385 Cui
2584 1340 2731 1385 cum
2773 1320 2858 1385 ad

503 1428 766 1510 singula
785 1446 1100 1511 responsa
1122 1428 1362 1511 darem,
1408 1426 1731 1488 curiosius
1770 1426 2040 1488 intuitus
2082 1446 2189 1492 mc
2224 1428 2438 1490 omisit
2493 1437 2558 1490 et
2602 1427 2853 1491 destitit

505 1534 585 1595 ab
628 1535 1203 1617 interogationibus
1257 1531 1616 1596 inchoatis:
1681 1538 1750 1592 et
1817 1529 2241 1613 interrogavit
2284 1551 2390 1594 me
2411 1576 2431 1613 ,
2497 1549 2581 1593 an
2640 1531 2854 1595 adhuc

508 1638 815 1704 haberem
858 1638 1268 1702 voluntatem
1320 1635 1631 1699 redeundi
1670 1636 1738 1697 in
1799 1635 2151 1698 Ierusalem
2167 1634 2204 1700 ’ἒ
2262 1637 2638 1719 Respondi:
2696 1637 2855 1700 nihil

503 1759 656 1803 esse
700 1761 816 1825 pro
858 1760 1032 1805 nnnc
1074 1719 1142 1805 in
1183 1743 1310 1806 hoc
1352 1741 1610 1824 mundo,
1655 1740 1843 1824 cujus
1886 1739 2278 1805 desiderium
2355 1741 2687 1805 ardentius
2730 1743 2855 1806 ha-

503 1823 742 1930 berem,'
785 1865 979 1930 quam
1038 1848 1292 1911 illorum
1354 1857 1728 1910 sanctorum
1780 1846 2066 1909 locorum
2123 1848 2424 1910 iteratum
2477 1848 2850 1910 contuitum.

505 1950 621 2014 Sic
667 1969 828 2034 ergo
894 1953 1158 2035 cognita
1231 1952 1566 2016 voluntate
1631 1970 1778 2015 mea
1826 1952 1930 2015 vir
2010 1952 2248 2016 nobilis
2323 1951 2535 2015 redire
2607 1970 2715 2015 me
2767 1950 2852 2013 ad

505 2067 897 2122 conventum
943 2057 1101 2124 fecit
1156 2056 1526 2121 certificans
1564 2076 1704 2142 me,
1749 2055 1921 2141 quod
1960 2074 2189 2119 secum
2227 2057 2468 2139 pariter
2530 2064 2599 2118 et
2652 2057 2852 2164 sffiis

506 2163 647 2226 suis
723 2180 940 2227 essem
1000 2163 1211 2225 iturus
1271 2162 1644 2232 Ierusalem.
1754 2160 2274 2243 Conjuraverunt
2315 2162 2492 2224 enim
2532 2163 2600 2223 in
2650 2180 2850 2225 unam

512 2268 887 2334 societatem
930 2267 1235 2350 generosi
1269 2267 1395 2329 viri
1437 2276 1502 2330 et
1545 2266 1818 2331 domini:
1860 2266 2177 2334 Dominus
2216 2265 2553 2329 Johannes
2596 2266 2854 2329 Wern-

508 2374 706 2437 herus
749 2373 831 2437 de
874 2369 1205 2456 Cymbern
1246 2372 1447 2455 Bar03
1491 2372 1809 2435 Dominus
1852 2372 2203 2436 Hainricus
2246 2371 2330 2435 de
2350 2370 2602 2434 Stoefel
2645 2372 2853 2453 Baro;

511 2479 833 2546 Dominus
877 2478 1084 2542 Ursus
1126 2477 1210 2541 de
1249 2478 1600 2559 Rechberg
1631 2477 1714 2539 de
1738 2477 2314 2559 Hohenrechberg,
2368 2484 2435 2539 et
2471 2478 2617 2559 ipse
2656 2494 2856 2559 prae-

511 2581 685 2646 fatus
729 2584 1028 2647 dominus
1081 2584 1421 2647 „Iohannes
1466 2582 1799 2644 Truchsas
1844 2581 1927 2644 de
1970 2581 2381 2665 Waldpurg‚
2444 2583 2633 2664 quasi
2672 2591 2857 2664 pater

513 2690 795 2751 omnium
828 2689 1304 2771 praedictorum
1369 2697 1436 2751 et
1475 2705 1679 2750 causa
1740 2705 1822 2750 ac
1872 2696 2081 2749 motor
2138 2705 2360 2749 eorum
2414 2685 2499 2748 ad
2554 2688 2856 2769 peregri-

515 2792 819 2856 nandum.
906 2793 1143 2858 Statim
1184 2801 1400 2857 autem
1452 2791 1679 2854 eadem
1722 2791 1881 2854 hora
1926 2799 2273 2873 postquam
2335 2793 2405 2850 in
2463 2801 2857 2855 conventum

515 2897 699 2980 redii,
721 2873 900 2974 misit
919 2898 1253 2979 praefatus
1269 2898 1502 2961 nobilis
1525 2894 1849 2979 quendam
1878 2894 2089 2955 virum
2112 2891 2493 2975 prudentem
2536 2904 2855 2959 oratorem

514 3018 664 3064 cum
703 3002 846 3063 suis
891 3000 1174 3084 famulis,
1219 3017 1460 3084 rogans
1510 2996 1939 3060 reverendum
2000 2996 2392 3077 Magistrum
2429 2994 2718 3057 Priorem
2766 3011 2854 3060 ex

512 3113 699 3187 parte
742 3083 1052 3165 dictorum
1081 3103 1394 3165 nobilium
1417 3102 1761 3182 Baronum,
1806 3109 1877 3162 ut
1911 3098 2092 3160 illum
2138 3100 2423 3181 fratrem,
2465 3100 2576 3181 qui
2607 3097 2856 3181 pridem

515 3209 581 3271 iu
625 3207 1074 3284 transmtm’nis
1118 3208 1409 3290 partibus
1433 3206 1669 3281 fuerat,
1705 3222 1897 3287 quem
1925 3202 2329 3266 concorditer
2356 3204 2424 3265 in
2450 3203 2857 3286 capellanum

516 3321 580 3374 et
624 3312 978 3390 animarum
991 3327 1282 3374 *suarum
1303 3320 1664 3374 curatorem
1699 3309 2053 3392 elegerant,
2082 3308 2420 3373 licentiare
2461 3307 2855 3392 dignaretur,

516 3424 586 3478 et
647 3417 825 3486 ahire
882 3432 1052 3478 cum-
1082 3414 1182 3475 eis
1250 3414 1668 3497 permitteret.
1770 3412 1870 3476 Ob
1949 3412 2121 3475 hanc
2180 3417 2351 3494 enim
2408 3432 2712 3498 causam,
2766 3416 2858 3478 ait

511 3519 826 3583 Dominus
865 3507 1203 3612 ,Iohannes
1242 3517 1601 3603 Tmolius,
1636 3519 1774 3602 jam
1816 3536 1966 3583 cum
2027 3519 2169 3582 suis
2242 3521 2469 3584 amicis
2533 3520 2855 3585 nobilibus

514 3624 596 3688 ad
639 3625 968 3687 civitatem
1011 3625 1181 3687 hnic
1222 3626 1423 3687 venit.

680 3728 977 3816 Audiens
1040 3739 1257 3794 autem
1308 3730 1506 3794 Pater
1556 3729 1744 3793 Prior
1804 3731 2047 3795 factum
2102 3730 2375 3795 multum
2422 3730 2855 3811 difficultavit‚

514 3842 578 3896 et
606 3840 858 3916 tempus
876 3834 1273 3900 deliberandi
1317 3835 1398 3899 de
1440 3852 1757 3919 responso
1779 3835 1993 3900 dando
2028 3837 2299 3917 accepit.
2348 3833 2537 3911 Quod
2580 3850 2854 3897 cernens

514 3935 808 4000 dominus
848 3939 1187 4004 Johannes
1245 3939 1580 4004 ‘l'ruchsas
1619 3951 1688 4003 et
1748 3944 1983 4004 timens
2044 3940 2218 4023 quod
2281 3941 2450 4002 forte
2490 3939 2854 4022 oppositum

512 4057 677 4104 suae
717 4043 1057 4109 intentioni
1096 4063 1216 4129 per
1258 4045 1565 4109 diutinam
1594 4044 2119 4108 deliberationem
2146 4045 2588 4127 interveniret,
2630 4042 2855 4106 statim

514 4143 622 4208 die
658 4151 957 4230 sequenti
998 4167 1191 4212 mane
1231 4150 1543 4213 assumsit
1584 4141 1812 4211 secum
1855 4165 2083 4213 omnes
2125 4166 2285 4211 suos
2315 4150 2559 4211 amicos
2600 4145 2854 4210 nobiles

511 4259 578 4313 et
628 4250 922 4316 dominas
979 4252 1364 4318 comitissas
1418 4252 1501 4317 de
1553 4253 1962 4336 Kyrchherg,
2017 4270 2189 4337 quae
2241 4269 2467 4315 secum
2517 4261 2852 4338 venerant,

511 4364 580 4420 et
626 4355 924 4422 awendit
963 4374 1114 4426 cum
1154 4360 1254 4422 eis
1309 4360 1378 4424 in
1432 4359 1891 4444 praetorium,·
1936 4357 2047 4422 ubi
2084 4355 2223 4441 jam
2272 4356 2856 4442 Magistri-civium
