3242 5259
1620 333 1758 400 404

526 525 768 591 habeut
814 520 1313 608 pulcherrumum
1354 525 1746 582 conventum
1765 554 1792 596 ,
1811 528 2104 599 eumque
2153 506 2365 577 indies
2423 504 2865 596 praiiosiorem

529 630 795 695 faciunt.
842 629 938 692 lbi
980 626 1262 712 glo’riosa
1323 622 1599 706 Virgine
1651 620 1930 685 salutata
1972 620 2222 684 reversi
2260 632 2488 685 sumus
2527 617 2615 680 ad
2653 616 2866 685 locum

527 740 839 796 neutrum.
858 790 873 805 ,

694 833 1032 898 vicesima
1074 834 1299 917 quinta
1324 831 1446 909 ,die
1466 877 1488 915 ,
1539 849 1710 915 quae
1753 830 1871 894 fuit
1921 825 2241 892 dominica
2303 837 2373 892 et
2427 829 2668 896 festum
2708 834 2870 898 hea—

528 938 824 1005 tissimae
891 939 1262 1021 Trinitatis,
1334 955 1525 1001 mane
1593 943 1941 1020 surgentes
1999 933 2562 1000 transfretavimus
2637 926 2872 1001 canale

527 1064 833 1129 magnum
874 1043 958 1108 ad
1001 1043 1348 1107 ecclesiam
1397 1040 1470 1104 S.
1492 1041 1848 1123 Trinitatis,
1890 1039 1999 1102 ubi
2040 1048 2145 1102 est
2185 1038 2414 1105 domus
2456 1030 2872 1121 Dominbrum

527 1151 1089 1239 Theutonicorum,
1132 1157 1198 1211 et
1237 1148 1327 1210 ibi
1351 1144 1756 1230 processioni
1797 1152 1865 1207 et
1907 1143 2144 1213 divinis
2166 1142 2419 1210 Officiis
2462 1149 2871 1215 interfuimus

528 1266 596 1320 et
634 1256 890 1319 invitati
934 1273 1080 1318 cum
1120 1252 1253 1316 illis
1293 1251 1589 1315 Dominis
1624 1251 1847 1334 pransi
1911 1249 2172 1314 fuimus.
2271 1251 2599 1318 Maximus
2653 1264 2871 1320 autem

527 1377 886 1426 concursus
927 1368 1031 1422 est
1077 1358 1189 1422 illo
1229 1355 1335 1420 die
1375 1355 1459 1418 ad
1500 1355 1712 1419 locum
1756 1354 1969 1438 illnm3
2032 1363 2102 1417 et
2136 1374 2254 1438 per
2293 1363 2494 1425 totum
2554 1358 2724 1425 diem
2767 1370 2872 1425 est

526 1466 758 1532 canale
793 1464 1107 1548 repletum
1149 1464 1428 1527 navibus
1453 1459 1849 1525 venientium
1871 1466 1936 1521 et
1964 1459 2417 1524 recedentium.
2465 1461 2632 1527 Cum
2653 1475 2869 1531 autem

528 1572 613 1636 ad
633 1571 982 1653 hospitium
1016 1569 1267 1633 reversi
1295 1584 1614 1648 essemus,
1643 1563 2028 1648 audivimus,
2053 1564 2226 1649 quod
2265 1564 2526 1631 Domini
2548 1568 2873 1647 Cdnsules

528 1675 929 1739 Venetorum
971 1672 1393 1736 mandassent
1433 1669 1578 1747 (Β)
1620 1670 1932 1733 ambobus
1974 1670 2284 1754 patronis,
2324 1680 2415 1766 ηις
2440 1691 2586 1738 cum
2631 1694 2872 1759 pereg-

531 1779 690 1843 rinis
730 1782 800 1842 in
842 1777 958 1840 illa
1002 1777 1365 1860 septimana
1429 1774 1810 1840 recederent
1869 1792 1993 1838 nec
2048 1774 2218 1838 ultra
2270 1786 2619 1841 manerent.
2723 1777 2872 1857 Quo

528 1883 747 1948 audito
789 1882 1010 1946 laetati
1050 1897 1298 1965 sumus,
1341 1881 1497 1964 quia
1538 1879 1824 1993 taedium
1863 1898 2170 1963 magnum
2207 1882 2571 1965 incepimus
2628 1883 2872 1949 habere

527 1988 1063 2155 vonssiigesima
1052 2097 1262 2153 sexta
1303 2088 1409 2151 die
1449 2088 1868 2152 transivimus
1909 2087 1996 2151 ad
2036 2087 2108 2152 S.
2152 2088 2574 2177 Stephanum,
2616 2094 2727 2157 ubi
2766 2106 2871 2161 est

528 2301 832 2367 Officium
880 2299 1304 2366 ostenderunt
1345 2299 1533 2362 nobis
1579 2299 1815 2362 fratres
1855 2299 2172 2383 quosdam
2213 2298 2487 2386 lapides,
2531 2322 2680 2368 eum
2720 2307 2870 2391 qui..

527 2409 653 2472 bus
714 2406 987 2470 creduut
1057 2404 1265 2468 fuisse
1333 2402 1405 2467 S.
1470 2404 1880 2488 Stephanum
1949 2404 2305 2489 lapidatum
2361 2407 2430 2471 in
2491 2410 2866 2478 Ierusalem.

525 2512 774 2577 Eodem
816 2511 924 2576 die
962 2509 1295 2575 mandavit
1333 2519 1668 2595 patronus,
1712 2519 1787 2574 ut
1828 2528 2056 2575 omnes
2093 2511 2296 2575 cistas
2342 2520 2409 2575 et
2449 2516 2871 2580 reservacula

526 2618 770 2683 ducere
824 2617 1186 2682 faceremus
1251 2617 1320 2680 in
1373 2614 1624 2700 galeam
1638 2660 1660 2698 ,
1719 2615 1892 2698 quod
1963 2625 2031 2679 et
2070 2615 2347 2680 fecimus
2385 2619 2685 2685 celeriter
2722 2640 2869 2689 cum

525 2742 765 2808 magno
807 2723 1067 2808 gaudio,
1110 2722 1264 2806 quia
1304 2739 1637 2789 recessum
1680 2730 1970 2785 nostrum
2035 2718 2480 2786 desideranter
2521 2736 2875 2811 exspecta-

525 2832 760 2896 vimus.

693 2932 1028 2997 vicesima
1048 2931 1349 3021 ,septima
1389 2929 1495 2993 die
1535 2930 1995 3013 navigavimus
2035 2930 2119 2995 ad
2160 2929 2230 2994 S.
2300 2928 2675 3000 Cartianum
2696 2976 2718 3015 ,
2760 2935 2875 3002 ubi

526 3046 630 3102 est
669 3037 985 3121 quaedam
1026 3033 1311 3099 ecclesia
1369 3035 1791 3120 parochialis,
1852 3036 1919 3098 in
1979 3054 2110 3121 qua
2148 3038 2425 3099 Missam
2477 3037 2866 3105 audivimus.

522 3138 683 3202 Post
727 3137 1030 3201 Officium
1096 3138 1520 3202 ostenderunt
1581 3141 1769 3203 nobis
1837 3139 2056 3203 clerici
2146 3158 2382 3224 corpus
2458 3140 2530 3204 S.
2596 3144 2868 3210 Maxim.

522 3243 863 3326 Episcop15
907 3241 1081 3328 quod
1104 3243 1170 3306 in
1216 3251 1528 3327 argentea
1569 3252 1717 3307 teca
1736 3244 2090 3309 honorifice
2130 3252 2235 3307 est
2268 3244 2569 3311 locatum.
2657 3250 2872 3314 'l'ran-

525 3349 805 3413 sivimus
847 3349 1041 3410 etiam
1104 3346 1188 3409 ad
1255 3361 1450 3415 untun
1504 3349 1875 3434 ecclesiam,
1938 3351 2005 3413 in
2061 3367 2192 3433 qua
2249 3368 2485 3435 corpus
2527 3353 2602 3419 S.
2672 3354 2875 3421 Sabhi

520 3452 801 3517 Abbatis
843 3451 1213 3537 requiescit.
1256 3452 1341 3514 Et
1380 3452 1528 3514 istis
1569 3453 1857 3537 reliquiis
1915 3453 2312 3520 deosculatis
2354 3461 2601 3523 reversi
2643 3477 2871 3525 sumus

519 3559 589 3619 iu
634 3557 998 3648 hospitium.
1084 3556 1331 3620 Eodem
1373 3555 1481 3619 die
1521 3560 1821 3642 occupati
1860 3560 2130 3625 multum
2173 3561 2413 3627 fuimus
2455 3583 2602 3627 cum
2646 3574 2871 3628 nostra

521 3661 933 3745 expeditione
976 3662 1280 3727 facienda
1317 3663 1385 3726 in
1426 3662 1714 3748 galeam,
1760 3673 1827 3727 et
1880 3665 2222 3730 videbatur
2264 3668 2474 3751 uobis,
2520 3669 2694 3753 quod
2754 3671 2872 3733 vix

517 3765 898 3831 sufficerent
932 3769 1120 3833 nohis
1181 3768 1324 3832 dies
1396 3768 1671 3854 residui,
1735 3787 1901 3855 quos
1955 3770 2174 3835 adhuc
2223 3771 2525 3837 venetiis
2582 3772 2868 3838 mansuri

520 3869 758 3935 numus
799 3891 916 3955 pro
958 3882 1184 3937 nostra
1223 3873 1654 3957 expeditione.

683 3976 1020 4046 vicesima
1082 3988 1319 4043 octava
1384 3979 1491 4043 die
1546 3998 1741 4042 mane
1791 3979 2251 4061 navigavimus
2314 3977 2396 4041 ad
2454 3976 2524 4047 S.
2587 3978 2864 4043 Mariam

518 4076 822 4162 Carmeli,
858 4082 966 4145 ubi
1009 4083 1246 4148 fratres
1310 4081 1707 4147 Carmelitae
1765 4079 2178 4146 conventum
2229 4083 2505 4164 habent,
2547 4092 2614 4144 et
2653 4084 2868 4149 mssa

516 4182 737 4248 audita
775 4185 1055 4249 celerius
1095 4188 1164 4250 in
1206 4188 1559 4271 hospitium
1602 4189 1854 4250 reversi
1887 4203 2133 4249 sumus.
2182 4185 2655 4268 Disposuerant
2691 4184 2862 4250 ιιι-ἰιι

510 4287 771 4353 Domini
813 4290 1135 4374 peregrini
1177 4290 1517 4376 medicum,
1560 4293 1672 4375 qui
1712 4308 2072 4374 pransurus
2115 4298 2255 4354 erat
2318 4289 2674 4353 uobiscum.
2758 4289 2865 4354 Ab

513 4393 625 4458 illo
663 4394 939 4479 physico
996 4404 1377 4478 receperunt
1437 4396 1749 4480 regimina
1775 4397 1846 4459 iu
1888 4396 2153 4481 scriptis
2193 4412 2314 4480 per
2353 4410 2552 4479 mare,
2593 4393 2866 4480 quilibet
