3242 5259
1542 286 1623 350 ¹5

386 465 804 547 Palaestina,
910 465 1418 551 Mesopotamia,
1496 465 1842 551 Aegyptus
1863 510 1884 547 ,
1987 467 2365 531 vastissima
2462 468 2747 533 Arabiae

387 572 689 654 solitudo,
738 570 1023 633 Thebais
1062 567 1163 655 (ὃ
1183 569 1291 652 Δ)
1338 571 1557 632 omnia
1595 570 1841 631 sanctis
1864 570 2227 634 hominibus
2269 573 2512 637 fuerint
2531 572 2741 656 plena.

390 678 493 739 De
529 675 903 758 longinquis
947 658 1141 736 etiam
1176 673 1404 753 mundi
1441 674 1742 756 partibus
1805 673 1888 736 ad
1941 674 2112 738 hanc
2168 685 2404 742 terram
2449 688 2743 743 sanctam

389 781 688 843 homines
730 779 943 841 sancti
985 787 1053 841 et
1094 778 1315 845 deyoti
1356 778 1794 857 confluebant,
1840 794 1963 840 nec
2007 782 2388 862 reputabant
2407 827 2442 866 ,‚
2471 800 2548 845 se
2589 783 2742 851 alibi

395 902 593 968 posse
651 882 1029 966 proficero,'
1043 892 1111 946 et
1169 882 1317 947 Deo
1370 883 1867 967 propinquiores
1918 882 2058 946 fieri
2079 927 2098 964 ,
2162 885 2289 948 nisi
2329 888 2396 949 in
2432 888 2537 951 his
2578 887 2742 953 locis

391 978 641 1051 sanct'is
678 994 1095 1061 morarentur,
1183 988 1269 1053 Et
1323 990 1415 1051 illi
1435 1034 1456 1073 ,
1528 988 1810 1079 qffius
1830 1006 1960 1083 non
2016 990 2402 1070 suppetebat
2467 991 2742 1057 facultas

388 1095 514 1157 hoc
558 1091 869 1173 faciendi,
872 1050 1356 1156 reddebantur
1394 1092 1846 1175 pusillanimes
1866 1137 1888 1175 ,
1944 1094 2132 1176 quasi
2183 1092 2328 1155 Deo
2408 1093 2560 1154 alibi
2613 1113 2741 1157 non

387 1206 657 1281 possent
713 1205 987 1279 accepta
1053 1197 1326 1260 servitia
1397 1197 1720 1259 exhibere.
1837 1196 2083 1261 Contra
2148 1195 2326 1279 quod
2390 1202 2607 1263 tamen
2665 1195 2742 1261 S.

386 1304 829 1385 Hieronymus
873 1301 957 1364 ad
996 1298 1336 1371 Paulinum
1373 1301 1673 1364 scribens
1714 1301 1815 1363 sic
1857 1303 2103 1385 inquit·
2088 1348 2104 1363 .
2149 1300 2322 1365 Nolo
2364 1299 2493 1362 Dei
2533 1301 2746 1363 omni-

388 1410 741 1492 potentiam
783 1415 1062 1489 angusto
1107 1405 1239 1468 flue
1266 1405 1675 1488 concludere,
1724 1414 1790 1468 et
1817 1415 2073 1469 arctare
2111 1424 2316 1490 parvo
2344 1416 2555 1469 terrae
2580 1405 2744 1488 loeo,

389 1513 579 1597 quasi
620 1511 831 1574 solum
888 1512 956 1573 in
994 1520 1173 1574 terra
1224 1519 1454 1573 sancta
1519 1511 1732 1593 possit
1786 1512 2064 1573 inveniri
2085 1508 2336 1593 ‘'gratia.
2446 1510 2619 1573 Nam
2663 1510 2747 1577 de

387 1616 867 1713 Hierosolymis
909 1625 977 1678 et
1026 1616 1109 1691 de
1147 1616 1484 1681 Britannia
1557 1614 1914 1697 aequaliter
1974 1625 2155 1697 patet
2209 1616 2358 1678 aula
2415 1590 2742 1685 coelestis.

390 1721 766 1793 Anthonius
812 1721 1002 1804 enim,
1063 1729 1130 1782 et
1172 1730 1409 1782 cuncta
1441 1720 1772 1803 Aegypti,
1830 1708 1900 1781 et'
1958 1694 2508 1803 Mesopotamiae,
2553 1719 2746 1783 Ponti

391 1837 457 1890 et
499 1824 958 1909 Cappadociae
990 1834 1055 1887 et
1097 1822 1448 1888 Armeniae
1491 1818 1793 1893 exa‘lnina
1831 1825 2297 1888 monachorum
2333 1844 2465 1887 non
2510 1824 2740 1888 videre

388 1910 943 2033 Hierosolymaffi„
1002 1938 1067 1992 et
1108 1939 1285 2013 patet
1325 1929 1454 1991 illis
1494 1930 1744 2013 absque
1783 1930 1910 1992 hac
1953 1930 2113 1993 urbe
2155 1924 2500 2015 pargdysi
2509 1928 2734 2011 jpuua.

388 2039 631 2101 Beatus
666 2034 989 2118 Hilarion,
1032 2016 1593 2117 οιιιιιῬιιΙιιοειιιιιιε
1617 2042 1816 2117 esset,
1858 2035 2011 2097 etin
2053 2035 2421 2149 palaestina
2452 2034 2735 2135 viveret,

391 2159 517 2203 uno
561 2149 806 2202 tantum
861 2138 968 2201 die
1010 2136 1435 2202 Hierusalem·
1496 2136 1697 2221 vidit,
1757 2149 1828 2202 ut
1870 2158 1994 2203 nec
2057 2118 2469 2205 contemnere
2510 2147 2743 2202 sancta

393 2244 575 2327 loca,
630 2253 892 2327 propter
944 2245 1302 2327 viciniam,
1360 2262 1486 2311 nec
1546 2238 1842 2325 rursum
1869 2245 2128 2329 Deum.
2141 2245 2285 2308 loco
2351 2242 2741 2349 congludere

391 2348 737 2419 videram.
823 2347 972 2417 Nec
1013 2336 1385 2443 quidquam,
1429 2350 1664 2445 fater
1674 2350 2079 2435 charissime,
2105 2346 2275 2433 fidei
2317 2358 2469 2412 tuae
2512 2350 2746 2412 deesse

393 2464 623 2541 putea,
684 2453 837 2536 quia
877 2455 1401 2541 Hierosolymam
1443 2454 1865 2537 nomvidisti,
1887 2470 2014 2541 nec
2041 2470 2184 2537 nos,
2211 2456 2323 2537 qui
2356 2455 2444 2517 ibi
2487 2455 2746 2538 fuimus,

391 2560 691 2622 meliores
734 2542 1079 2642 aestimes}
1130 2558 1263 2623 sed»
1307 2560 1453 2622 sive
1493 2560 1636 2642 hic,
1695 2562 1841 2622 sive
1906 2559 2058 2621 alibi
2117 2558 2454 2651 aeqflalem
2510 2569 2576 2623 te
2627 2578 2746 2642 pro

392 2663 696 2745 operibus
738 2662 867 2727 tuis
886 2661 1080 2773 ¹”apud
1100 2662 1315 2726 Deum
1353 2665 1592 2728 habere
1626 2664 2012 2728 mercedem.
2057 2666 2243 2726 Haec
2264 2666 2738 2769 Hieronymus,

393 2769 487 2831 uti
528 2784 726 2850 sqra
761 2740 975 2848 (Τοιιι.
1026 2769 1080 2830 1.
1122 2768 1267 2830 Fol.
1320 2768 1458 2831 102.
1502 2787 1557 2831 c.
1603 2769 1724 2847 D.)
1997 2810 2020 2831 .

557 2874 663 2936 Ex
703 2872 938 2956 quibus
980 2870 1211 2956 liquet,
1257 2873 1429 2957 quod
1464 2882 1688 2937 tantus
1737 2874 1860 2936 fuit
1896 2891 2255 2939 concursus
2296 2872 2581 2937 fidelium
2626 2870 2747 2936 de-

390 2988 688 3047 votorum
729 2977 814 3040 ad
856 2977 1247 3061 Ierusalem,
1307 2985 1372 3039 et
1412 2987 1647 3042 terram
1691 2988 2028 3063 sanctam,
2074 2958 2246 3063 quod
2289 2996 2567 3042 necesse
2606 2986 2747 3040 erat

390 3082 623 3146 Zelum
667 3092 734 3145 et
800 3078 1121 3213 fervorffl
1186 3083 1538 3166 reprimere
1600 3080 1868 3181 aliorum
1889 3130 1911 3168 ,
1974 3105 2060 3148 ne
2128 3104 2354 3149 omnes
2402 3085 2564 3181 logis
2604 3084 2746 3147 suis

389 3188 717 3253 derelictis
774 3172 989 3250 illac⁸
1007 3189 1441 3273 confluerena.
1473 3187 1664 3277 Una?
1741 3190 2217 3273 Hieronymus,
2282 3209 2324 3253 a
2385 3182 2744 3252 Ierusalem

381 3294 663 3358 Romam
703 3286 998 3374 veiiieoe,
1030 3312 1304 3377 eamque
1345 3294 1541 3358 etiam
1586 3292 1900 3376 re'pletam
1928 3296 2342 3361 monasteriis
2389 3296 2742 3379 rep-ericus,

386 3398 572 3481 dixit,
609 3386 683 3461 ui
721 3398 789 3459 in
831 3396 1107 3481 epistola
1163 3398 1248 3460 ad
1290 3399 1679 3482 Principiam
1723 3400 2028 3463 habetur:
2078 3398 2356 3462 Gaudeo
2382 3444 2401 3481 ,
2465 3400 2742 3462 Romam

386 3504 629 3567 factam
669 3500 1150 3583 lerosolymam.
1196 3501 1445 3567 Crebra
1479 3506 1828 3601 virginum..
1835 3506 2247 3589 monasteria,
2282 3505 2741 3575 monachorum

386 3606 873 3671 innumerabilis
896 3605 1250 3705 „multiujo
1297 3606 1507 3689 (rom.
1555 3610 1613 3672 1.
1641 3606 1785 3673 Fol.
1835 3596 1990 3701 ψ
2035 3608 2151 3691 C.)
2195 3608 2332 3672 Sed
2374 3611 2531 3694 quid
2571 3628 2746 3691 nunc

386 3713 606 3777 dicere
646 3708 1055 3801 possumus?
1127 3708 1323 3775 Certe
1378 3702 1535 3775 nihil
1591 3714 1803 3778 aluid:
1859 3716 2028 3778 heu!
2075 3733 2316 3799 quam,
2362 3716 2532 3799 quod
2571 3726 2746 3779 terra

383 3827 617 3881 sancta
659 3828 727 3885 et
766 3816 1002 3891 civitti's
1042 3826 1277 3881 sancta
1312 3818 1669 3881 Ierusalem
1711 3820 1838 3881 iam
1877 3819 2124 3902 repleta
2166 3830 2270 3889 est
2304 3820 2743 3884 vitiosissimis

388 3923 782 4005 hominibus,
824 3922 934 4005 qui
976 3941 1105 3986 non
1123 3923 1440 4007 gregatim
1463 3933 1535 3989 ut
1562 3940 1805 4009 greges
1825 3924 2160 4010 incedunt,
2161 3926 2291 3989 sed
2315 3930 2458 3991 sine
2501 3927 2744 4008 ordine,

386 4028 534 4092 sine
570 4027 773 4123 m,
787 4029 947 4123 sine
974 4030 1233 4113 politico
1275 4031 1588 4114 regimine
1646 4030 2011 4115 dispersim,
2051 4039 2122 4094 ut
2160 4032 2435 4096 nocivae
2473 4032 2743 4112 bestiae,

392 4132 751 4216 diseumnt,
796 4143 862 4197 et
883 4152 1124 4218 greges
1151 4134 1491 4220 dissipant.
1538 4136 1787 4202 Contra
1829 4156 1995 4221 quos
2018 4144 2216 4200 vocat
2232 4136 2417 4200 Deus
2438 4134 2748 4219 gladium,

390 4231 673 4302 Zach'ar.
722 4238 825 4306 13.
874 4239 956 4303 7·
1001 4242 1298 4326 Framea,
1341 4244 1664 4307 suscitare
1690 4244 2011 4307 adversus
2050 4234 2188 4326 eos,
2233 4243 2344 4325 qui
2369 4239 2748 4322 dispergunt

399 4360 672 4427 gregem
705 4363 945 4410 meum.
1015 4346 1114 4410 Ibi
1155 4347 1327 4413 enim
1376 4348 1680 4414 discurrit
1723 4348 1830 4415 leo
1882 4349 2182 4433 rugiens,
2224 4365 2343 4429 per
2382 4342 2749 4423 superbiam
