3242 5259
1721 306 1852 375 342

624 492 895 569 Forma
936 487 1299 566 eeclesiae
1350 485 1587 563 saneti
1632 483 2039 589 sepdchri,
2087 482 2163 559 in
2212 506 2350 583 qna
2406 485 2561 584 jam
2640 491 2829 575 stat,
2895 488 2977 558 et

1004 613 1169 710 ejus
1221 604 1567 683 moderna
1618 602 2019 710 descriptio
2075 605 2198 682 hie
2251 601 2587 681 habetur.

790 808 1094 879 Ecclesia
1138 809 1440 891 dominici
1482 808 1832 892 sepulchri,
1882 809 2093 894 qualis
2138 827 2314 873 nunc
2348 810 2463 891 sit,
2505 806 2729 875 videre
2749 814 2973 871 restat.

623 923 749 986 Pro
793 938 922 1004 que
951 914 1323 998 notandum,
1370 914 1543 999 quod
1586 912 1868 979 ecclesia
1909 913 2022 976 illa
2072 923 2176 976 est
2232 912 2604 994 trinomina3
2661 911 2814 994 quia
2873 917 2977 972 est

625 1025 890 1109 duplex,
933 1029 1004 1084 et
1044 1019 1370 1105 quaelibet
1410 1019 1608 1082 habet
1648 1035 1837 1081 suum
1880 1036 2136 1101 nomen,
2180 1026 2246 1081 et
2290 1026 2492 1081 totum
2536 1017 2736 1109 etiam
2778 1015 2979 1078 habet

625 1149 814 1196 mm
854 1113 1136 1191 uomens
2174 1106 2185 1115 ⁵

794 1231 1120 1312 Ecclesia,
1160 1229 1230 1293 in
1269 1245 1399 1313 qua
1432 1236 1914 1292 monumentum
1935 1226 2196 1290 Domini
2232 1236 2387 1311 stat,
2422 1226 2662 1292 dicitur
2695 1224 2979 1319 ecclesia

631 1339 847 1405 sancti
886 1333 1247 1419 sepulchri3
1291 1332 1597 1415 ecclesia,
1623 1334 1734 1395 ubi
1777 1342 1881 1395 est
1920 1331 2197 1395 medium
2242 1331 2480 1416 mundi,
2518 1332 2711 1416 juxta
2752 1349 2976 1413 rupem

633 1443 1008 1522 calvariae,
1052 1439 1289 1503 dicitur
1331 1436 1613 1501 ecclesia
1652 1436 2079 1523 golgathana3
2126 1438 2353 1500 amhae
2396 1438 2613 1501 dictae
2655 1435 2978 1499 ecclesiae

636 1546 833 1612 simul
885 1545 1184 1611 dicuntur
1207 1542 1599 1627 -Anastasis,
1643 1542 1686 1605 i.
1732 1562 1787 1604 e.
1835 1542 2115 1606 eeclesia
2158 1543 2648 1619 resurrectionis
2691 1542 2973 1607 Domini.

633 1653 757 1716 Est
799 1660 1014 1715 autem
1054 1651 1123 1714 in
1165 1650 1445 1712 veritate
1486 1666 1615 1710 non
1649 1648 1776 1710 nisi
1801 1666 1931 1711 una
1962 1648 2261 1731 ecclesia,
2293 1657 2361 1711 et
2396 1650 2606 1730 navis,
2634 1647 2980 1709 continens

635 1765 933 1831 nanuum
1003 1753 1492 1859 sepulchrum,
1539 1751 1772 1815 dicitur
1814 1752 2099 1817 ecclesia
2158 1753 2370 1817 sancti
2435 1748 2783 1835 sepulchri.
2890 1751 2980 1814 Et

638 1862 875 1926 chorus
919 1859 1096 1923 illius
1139 1836 1492 1920 ecclesiae
1530 1854 1765 1922 dicitur
1829 1859 2110 1921 ecclesia
2168 1857 2604 1941 golgathana‚
2666 1875 2835 1939 qnae
2876 1864 2980 1921 est

636 1966 705 2028 in
746 1963 891 2027 loco
931 1960 1278 2044 Golgatha.
1363 1961 1489 2023 Est
1531 1968 1752 2024 autem
1793 1961 2075 2026 ecelesia
2131 1963 2399 2046 grandis
2444 1973 2507 2025 et
2550 1960 2866 2046 pretiosa,
2911 1972 2979 2028 et

635 2070 698 2133 si
741 2068 900 2133 nihil
946 2074 1159 2150 esset,
1204 2065 1334 2128 nisi
1374 2067 1569 2127 navis
1612 2065 1962 2150 ecclesiae,
2027 2068 2094 2130 in
2139 2086 2266 2149 quo
2311 2066 2698 2130 dominicum
2746 2066 2980 2149 sepul-

637 2172 886 2249 chrum
905 2179 1074 2255 stat,
1097 2170 1382 2233 maceret
1424 2187 1541 2252 per
1583 2188 1661 2232 se
1703 2189 2002 2255 magnam
2047 2171 2393 2235 ecclesiam
2435 2172 2698 2237 secluso
2759 2172 2976 2237 choro.

641 2280 815 2345 Nam
859 2278 1141 2387 ecclesia
1143 2274 1309 2373 illa,
1347 2274 1609 2338 secluso
1643 2277 1861 2360 choro,
1904 2277 2178 2341 rotunda
2213 2287 2338 2362 est,
2374 2278 2628 2360 magnis
2663 2276 2980 2340 columnis

644 2385 1024 2463 marmoreis
1058 2388 1220 2473 per
1217 2380 1554 2449 oti-cunum
1598 2381 1860 2465 fulcita,
1927 2382 2124 2447 hahet
2165 2393 2380 2446 autem
2425 2400 2542 2465 per
2603 2383 2981 2445 diametrum

641 2491 726 2555 de
776 2484 1080 2554 columna
1123 2485 1207 2549 ad
1267 2486 1655 2550 columnam.
1674 2489 1954 2567 Lxxm
1995 2487 2230 2571 pedes,
2293 2497 2359 2551 et
2406 2506 2447 2551 a
2489 2497 2673 2571 tergo
2729 2487 2982 2550 colum-

642 2613 870 2663 narum
913 2611 1120 2677 nsque
1171 2590 1254 2656 ad
1296 2612 1546 2659 murum
1584 2594 1809 2676 templi
1850 2593 2053 2676 pedes
2094 2594 2304 2656 XXX.
2373 2594 2459 2656 Et
2500 2593 2661 2656 illud
2703 2592 2980 2676 spatium

646 2718 767 2784 per
819 2718 1053 2786 gyrum
1097 2716 1175 2761 se
1218 2697 1538 2783 extendit,
1603 2707 1666 2760 et
1712 2700 2050 2763 transitum
2110 2697 2266 2761 facit
2308 2698 2475 2761 inter
2541 2696 2873 2760 columnas
2917 2705 2985 2759 et

644 2801 1221 2889 parietem‘templi
1260 2803 1405 2865 sive
1442 2820 1692 2865 murum
1729 2805 2098 2888 cingentem
2140 2803 2464 2886 templum.
2509 2805 2639 2867 Hic
2673 2802 2983 2865 transitus

649 2927 852 2992 supra
897 2917 1000 2971 est
1042 2906 1512 2988 testudinans,
1581 2928 1751 2990 qnae
1796 2907 2054 2974 testudo
2098 2909 2178 2971 ab
2239 2927 2371 2971 una
2411 2918 2597 2991 parte
2657 2905 2983 2989 dependet

655 3031 854 3096 super
893 3000 1232 3105 posnmnas
1282 3011 1495 3094 (182
1513 3011 1621 3095 A)
1665 3014 2066 3098 praedictas,
2123 3015 2204 3077 ab
2249 3013 2378 3076 alia
2418 3014 2713 3076 innititur
2754 3011 2982 3094 parieti

648 3116 872 3200 templi
915 3116 1096 3185 ‚sive
1159 3136 1341 3179 muro
1411 3117 1728 3180 circulari.
1816 3117 2030 3202 Super
2100 3118 2275 3181 illam
2319 3127 2536 3182 antem
2593 3116 2982 3182 testudinem

649 3222 801 3285 olim
845 3206 983 3287 era‘t
1045 3220 1379 3285 circularis
1437 3224 1753 3285 transitus
1814 3224 2208 3306 communis,
2274 3233 2343 3286 et
2385 3222 2647 3307 altaria,
2692 3233 2757 3286 et
2791 3222 2982 3305 juxta

647 3333 897 3410 portam
943 3323 1168 3409 templi
1211 3333 1314 3388 est
1342 3341 1659 3390 ascensus
1685 3346 1803 3410 per
1843 3327 2165 3410 lapideum
2208 3327 2483 3411 gradum
2515 3328 2598 3392 ad
2624 3331 2981 3412 superiora.

649 3430 849 3501 Nunc
890 3448 1051 3496 vero
1091 3437 1249 3499 sunt
1287 3431 1590 3514 superius
1633 3432 2002 3495 habitacula
2050 3440 2118 3495 et
2166 3434 2368 3517 chori,
2410 3452 2529 3516 per
2570 3432 2981 3496 intermedios

651 3554 871 3602 muros
914 3536 1141 3619 divisi,
1181 3536 1251 3600 in
1292 3537 1528 3620 quibus
1571 3535 1924 3602 Christiani
1968 3537 2050 3601 de
2106 3538 2253 3601 aliis
2322 3539 2549 3602 ritibus
2591 3556 2714 3601 sua
2767 3537 2984 3601 officia

655 3651 998 3727 peragunt.
1086 3641 1189 3707 De
1230 3643 1532 3713 columna
1571 3662 1731 3707 vero
1796 3643 1881 3707 ad
1923 3643 2284 3708 columnam
2343 3643 2518 3706 ducti
2558 3652 2719 3707 sunt.
2768 3659 2982 3726 arcus,

648 3765 847 3830 super
879 3732 1055 3831 'quos
1095 3746 1367 3813 ulterius
1393 3767 1614 3813 murus
1656 3749 1729 3813 in
1758 3749 1956 3812 altum
1989 3749 2322 3832 consurgit
2358 3767 2564 3834 usque
2600 3747 2683 3812 ad
2720 3757 2982 3831 tectum,

651 3852 717 3920 in
779 3870 908 3936 qun
971 3861 1129 3916 sunt
1193 3855 1553 3938 fenestrae,
1614 3874 1732 3942 per
1795 3872 1959 3937 quas
2022 3854 2106 3917 de
2161 3854 2483 3919 testudine
2542 3853 2840 3918 circulari
2882 3861 2986 3915 est

651 3965 992 4038 respectus
1031 3956 1098 4023 in
1141 3959 1483 4027 ecclesiam
1498 4006 1520 4045 ,
1564 3970 1632 4025 et
1699 3978 1897 4042 super
1930 3960 2350 4043 sepulchrum
2392 3960 2676 4027 Domini.
2757 3960 2983 4042 Porro,

647 4076 955 4143 suprema
1005 4080 1161 4145 para
1219 4062 1396 4128 illius
1450 4065 1764 4129 rotundae
1830 4064 2155 4128 ecclesiae
2216 4084 2347 4129 non
2398 4064 2604 4130 habet
2663 4064 2981 4148 lapideam

653 4163 1042 4230 testudinem
1065 4211 1087 4249 ,
1199 4167 1320 4232 sed
1409 4168 1689 4254 ligneam
1795 4167 1878 4230 de
1976 4170 2268 4233 trabibus
2371 4171 2652 4235 cedrinis
2760 4168 2985 4233 fabre·-

655 4271 930 4353 i'actam,
998 4272 1089 4333 ita
1151 4279 1366 4335 tamen
1387 4318 1408 4356 ,
1481 4274 1655 4357 quod
1722 4274 1789 4337 in
1852 4272 1994 4336 loco
2047 4273 2347 4337 culminis
2415 4278 2634 4339 trabes
2700 4292 2742 4338 a
2802 4291 2985 4335 muro

652 4375 1084 4446 ascendeutes
1125 4375 1414 4445 inclinati
1476 4387 1701 4445 contra
1741 4397 1818 4443 se
1857 4378 2136 4445 invicem
2181 4378 2574 4446 conveniunt
2627 4379 2694 4445 in
2738 4376 2983 4441 circulo
