3242 5259
1582 347 1712 412 142

488 531 697 594 foetor
735 504 909 601 sicin
949 498 1061 592 αα·
1096 528 1400 613 hospitali
1442 526 1694 612 ‚epm
1749 515 2026 592 infimis
2081 524 2630 591 ammte-ubas.
2715 526 2830 588 In-

484 650 683 717 super
714 631 887 695 solis.
911 628 1105 699 ador
1138 620 1443 715 superius
1484 642 1555 697 et
1596 630 1869 696 inferius
1907 631 2142 715 caligo,
2163 628 2490 713 ›ai-titudo,
2532 626 2832 707 caliditas

485 732 803 822 squalida,
848 743 913 798 et
954 738 1073 797 a&
1122 744 1483 819 corruptus.
1566 736 1696 800 'Et
1757 737 2058 822 quamvis
2108 742 2450 800 ventorum
2507 732 2706 796 flatus
2745 733 2832 794 sit

487 838 945 925 navigantibus
965 841 1399 923 nwessarins,
1423 844 1527 904 est
1563 849 1777 903 tamen
1804 842 2002 906 multo
2034 839 2370 924 molestus,
2389 838 2546 922 quia
2587 832 2834 920 a'gltkta

486 963 606 1029 per
647 963 795 1009 eum
832 945 1009 1029 navi,
1052 942 1420 1009 efficiuntur
1481 947 1809 1028 peregrim
1868 946 2251 1029 vertiginosi
2312 948 2376 1007 et
2424 941 2708 1022 debiles,
2757 948 2833 1003 et

487 1056 972 1129 commoventur
999 1049 1215 1112 omnia
1241 1050 1549 1113 interiora
1583 1068 1793 1134 usque
1848 1050 1932 1113 ad
1970 1051 2492 1114 evomitationem
2529 1046 2831 1127 omnnium,

488 1168 659 1241 quae
698 1161 853 1217 sunt
890 1154 960 1215 in
1012 1154 1367 1235 stomacho,
1419 1161 1486 1216 et
1533 1157 1733 1217 totius
1779 1153 2081 1219 cholerae
2121 1152 2642 1218 commotionem:
2711 1165 2835 1212 nec

491 1266 712 1344 potest
766 1257 1068 1340 superins
1119 1274 1382 1320 manere
1427 1267 1693 1341 propter
1752 1260 1889 1323 vim
1953 1258 2135 1342 ejus,
2189 1265 2256 1320 et
2294 1262 2557 1340 propter
2607 1271 2834 1338 aquas,

497 1380 665 1450 quas
708 1361 915 1445 injicit
953 1360 1130 1445 navi,
1168 1369 1235 1423 et
1274 1371 1539 1446 propter
1580 1362 1947 1428 discursum
1989 1371 2056 1425 et
2096 1362 2354 1425 labores
2393 1359 2834 1444 galeotarumz

488 1469 618 1537 imo
654 1469 727 1531 in
767 1464 1017 1529 cumbis
1059 1466 1201 1528 suis
1241 1484 1503 1531 manere
1543 1487 1674 1534 uon
1718 1477 2012 1553 possunt,
2051 1468 2110 1531 si
2150 1467 2370 1532 velum
2419 1469 2488 1529 in
2529 1483 2611 1527 ea
2649 1472 2836 1547 parte

493 1571 755 1660 pendet,
788 1570 900 1634 ubi
942 1578 1047 1633 est
1083 1587 1306 1636 eorum
1347 1574 1600 1657 cumba,
1644 1574 1764 1637 sed
1799 1582 2052 1657 oportet
2077 1572 2160 1635 ad
2204 1572 2565 1655 oppositam
2585 1579 2836 1653 partem

490 1674 920 1767 stanefugerq,
963 1683 1047 1737 οὺ
1070 1654 1530 1760 nonuunquam
1557 1689 1808 1764 oportet
1851 1677 2159 1742 lectulum
2202 1675 2348 1758 (B)
2406 1684 2722 1756 evertere,
2761 1680 2837 1736 ut

493 1789 689 1867 eaput
714 1779 809 1843 ad
848 1779 1085 1844 boum
1102 1778 1340 1863 pedum
1382 1793 1579 1865 ponat
1647 1793 1713 1847 et
1747 1783 1950 1868 pedes
1972 1782 2057 1846 ad
2101 1782 2312 1845 locum
2338 1781 2591 1864 capitis,
2633 1797 2836 1863 prop-

492 1896 594 1981 ter
618 1888 810 1949 navis
850 1882 1345 1967 man-enom
1386 1906 1504 1971 per
1543 1889 1839 1954 velorum
1881 1896 2160 1951 tractum
2197 1885 2282 1949 ad
2323 1903 2522 1949 unam
2565 1892 2835 1967 partem.

494 1990 773 2074 hauper
810 1988 1029 2057 fumus
1070 1994 1388 2076 coquinae
1425 2011 1543 2076 per
1584 2003 1852 2058 ventum
1890 1994 1959 2055 in
2000 1993 2222 2055 navim
2261 1989 2592 2074 projectus
2635 2005 2834 2071 pere-

495 2097 721 2182 grinos
761 2094 1035 2161 multum
1074 2096 1465 2182 quandoque
1523 2106 1741 2162 vexat.
1832 2097 1991 2161 Sani
2045 2103 2504 2178 tempestatum
2545 2102 2836 2178 tempore

498 2203 868 2267 officiuntur
902 2201 1159 2288 infirmi,
1194 2211 1260 2265 et
1303 2201 1551 2267 debiles
1596 2203 1807 2285 magis
1837 2199 2144 2287 languidi.
2190 2199 2517 2265 continua
2538 2200 2838 2263 sentinae

498 2308 884 2392 expurgatio
926 2315 1028 2369 est
1087 2310 1451 2391 peregrinis
1507 2306 1816 2390 molesta,
1873 2315 1938 2370 et
1982 2315 2244 2390 propter
2305 2305 2617 2369 foetorem
2681 2304 2837 2367 inde

511 2414 956 2494 exhalantem,
999 2420 1063 2474 et
1107 2420 1373 2495 propter
1420 2413 1913 2496 prohibitionem
1962 2428 2281 2475 ascensus
2334 2420 2403 2474 et
2458 2408 2840 2492 descensus,

503 2537 775 2604 quorum
817 2525 1159 2599 utrumque
1193 2517 1566 2600 prohibetur
1602 2516 1717 2579 illa
1759 2518 2141 2601 purgatione
2182 2516 2472 2580 (iurante.
2556 2514 2839 2597 Pulices,

503 2642 776 2710 quorum
819 2624 1016 2686 navis
1059 2623 1253 2706 plena
1295 2631 1434 2707 est,
1479 2624 1673 2685 etiam
1715 2620 1987 2686 multum
2030 2622 2407 2703 molestant,
2448 2627 2512 2682 et
2556 2618 2838 2703 pediculi

505 2739 570 2794 et
613 2745 883 2793 muscae
944 2735 1011 2790 et
1066 2726 1445 2812 inquietudo
1506 2747 1591 2791 ex
1644 2726 2021 2813 sudoribus,
2093 2727 2327 2813 quibus
2391 2725 2580 2789 homo
2629 2724 2842 2806 magis

504 2844 815 2918 vexatur,
854 2850 1049 2918 quam
1088 2835 1269 2897 vivis
1309 2834 1661 2898 vermibus.
1727 2831 2066 2898 Successu
2107 2830 2418 2916 temporis
2450 2837 2843 2913 generantur

504 2940 574 3003 in
616 2939 773 3003 navi
824 2954 1040 3001 mures
1096 2945 1164 3000 et
1220 2938 1423 3021 glires
1485 2942 1555 3002 in
1609 2954 1846 3024 magno
1900 2955 2202 3021 numero,
2259 2945 2326 2999 et
2386 2942 2648 3000 currunt
2708 2941 2844 2997 tota

510 3052 724 3126 nocte,
768 3051 833 3105 et
875 3040 1110 3105 rodunt
1149 3043 1570 3107 reservacula
1611 3044 2019 3125 cibariorum,
2056 3050 2124 3104 et
2163 3041 2510 3124 perforant,
2553 3046 2620 3101 et
2660 3038 2843 3101 cibos

511 3146 808 3227 foedant,
867 3152 935 3206 et
995 3144 1344 3207 cervicalia
1398 3164 1479 3209 ac
1534 3147 1977 3210 calceamenta
2036 3154 2481 3229 corrumpunt,
2543 3154 2611 3208 et
2648 3162 2867 3235 supet(

509 3250 733 3315 vultus
775 3246 1222 3311 dormientinm
1281 3249 1555 3332 cadunt,
1611 3258 1681 3312 et
1728 3250 1853 3315 hoc
1895 3251 2044 3334 plus
2095 3251 2206 3313 vel
2258 3252 2474 3314 minus
2515 3269 2632 3334 pro
2673 3260 2843 3315 tem-

510 3373 703 3439 pore.
769 3371 898 3416 non
942 3352 1113 3415 enim
1155 3370 1441 3438 semper,
1497 3353 1619 3418 sed
1663 3357 1804 3418 suis
1855 3354 2249 3437 temporibus
2305 3354 2419 3417 illa
2479 3365 2842 3425 moventur

512 3458 623 3522 Ad
684 3458 906 3523 flatum
977 3474 1257 3555 namque
1318 3458 1593 3542 alicujus
1655 3462 1836 3524 venti
1909 3460 2124 3525 omnia
2184 3460 2478 3525 viventia
2550 3463 2619 3527 in
2687 3462 2842 3525 navi

514 3563 892 3648 tabescunt,
934 3562 1214 3647 pulices,
1257 3581 1556 3648 muscae,
1621 3583 1839 3631 mures
1885 3575 1952 3631 et
1997 3565 2394 3650 hujusmodi,
2452 3574 2518 3630 et
2561 3582 2846 3629 evanes-

514 3677 705 3753 cunt,
761 3668 936 3754 quod
991 3687 1119 3732 uec
1182 3687 1383 3733 unum
1450 3672 1826 3754 reperiatur.
1912 3671 2049 3736 Sed
2107 3672 2218 3736 illo
2280 3679 2480 3735 vento
2519 3669 2632 3734 vel
2692 3673 2845 3732 aere

514 3783 757 3838 mutato
799 3776 1030 3839 iterum
1089 3784 1497 3859 generantur.
1582 3774 1849 3842 culices
1899 3782 2095 3842 etiam
2135 3794 2257 3841 suo
2322 3783 2609 3857 tempore
2648 3781 2845 3836 cantu

515 3896 639 3943 suo
679 3884 748 3942 et
788 3879 1111 3943 morsibus
1150 3880 1422 3947 multum
1457 3883 1824 3965 peregrinis
1863 3883 2119 3948 molesti
2163 3889 2333 3945 sunt.
2417 3882 2524 3943 Ex
2560 3876 2844 3941 humidi-

515 3984 756 4048 tatibus
798 3985 996 4050 etiam
1037 3996 1432 4069 generantur
1469 3988 1537 4049 in
1590 3989 1746 4051 navi
1798 4005 2060 4052 vermes
2120 3986 2331 4050 crassi
2388 3995 2454 4048 et
2509 3982 2669 4064 albi,
2730 3982 2847 4064 qui

514 4091 755 4176 ubique
784 4099 1054 4179 serpunt
1080 4099 1146 4154 et
1196 4090 1280 4155 ad
1321 4092 1512 4156 crura
1551 4100 1619 4155 et
1635 4072 1729 4154 '‘in
1761 4092 1965 4154 facies
2006 4091 2330 4155 hominum
2382 4085 2844 4154 insensibiliter

514 4195 906 4282 ascendunt,
950 4213 1115 4281 quos
1156 4176 1229 4261 u‘t
1279 4196 1469 4261 homo
1512 4195 1805 4261 sentiens
1850 4193 2052 4279 digito
2105 4198 2343 4279 tangit,
2402 4203 2639 4278 putans
2688 4209 2843 4255 esse

515 4320 805 4367 muscam
821 4348 843 4386 ,
910 4318 1061 4368 mox
1101 4307 1414 4388 rumpitur
1474 4308 1538 4366 et
1601 4304 1791 4365 sanie
1878 4300 2061 4365 locus
2129 4299 2460 4385 foedatur,
2516 4299 2630 4362 ubi
2677 4298 2845 4362 hae-

508 4408 614 4472 sit.
699 4405 1016 4488 Quamvis
1073 4416 1292 4473 autem
1316 4432 1322 4437 ·
1348 4407 1589 4474 multae
1648 4405 2090 4472 immunditiae
2151 4414 2307 4473 sunt
2356 4407 2426 4472 in
2493 4404 2688 4491 galea
2751 4422 2842 4470 ex
