3242 5259
1404 320 1529 387 m

291 513 606 567 venerunt
706 502 900 566 etiam
966 501 1166 585 aliqui
1248 499 1488 568 do'mini
1551 499 1636 564 de
1708 500 2109 584 Jerusalem,
2184 502 2311 568 duo
2387 503 2637 568 scilicet

293 607 532 692 Calini,
598 603 804 689 major
863 616 938 672 et
1005 609 1213 674 minor
1274 605 1795 689 Trutzelmanni‚
1871 615 1936 669 ct
1979 609 2370 673 venerabilis
2438 609 2637 674 Pater

295 712 730 776 Gwardianus
796 712 1034 776 montis
1079 711 1264 795 Syon
1314 728 1461 774 cum
1527 708 1780 774 duobus
1842 711 2181 796 fratribus,
2238 695 2309 776 et
2348 731 2495 780 cum
2537 714 2637 777 eis

293 818 488 900 aliqui
523 825 914 881 mercatores
958 817 1293 881 christiani
1335 814 1419 878 de
1461 816 1767 882 cinctura.

297 1049 411 1124 De
464 1071 770 1149 egressu
828 1051 1379 1154 peregrinorum
1442 1074 1544 1126 ex
1608 1050 1833 1150 galea
1882 1062 1962 1129 et
2026 1049 2319 1128 introitu
2389 1071 2638 1125 eorum

1067 1171 1141 1247 in
1189 1181 1460 1248 terram
1507 1181 1867 1253 sanctam.

451 1339 772 1422 Evagatio
816 1339 924 1403 diu
965 1339 1361 1408 desideranti
1399 1340 1614 1404 animo
1659 1347 2045 1423 exspectata
2076 1336 2213 1421 jam
2241 1339 2379 1423 jam
2414 1339 2632 1402 instat.

292 1441 455 1508 Cum
500 1446 668 1508 enim
710 1445 966 1527 patroni
1022 1463 1170 1509 cum
1231 1446 1586 1529 praesectis
1644 1446 1843 1510 locuti
1902 1444 2181 1509 fuissent
2222 1453 2289 1510 et
2331 1447 2429 1509 eis
2490 1445 2640 1528 pla-

290 1548 568 1632 cuisset,
602 1558 675 1612 ut
717 1568 838 1613 nos
879 1549 964 1613 de
1001 1549 1194 1633 galea
1232 1552 1300 1613 in
1341 1559 1577 1615 terram
1622 1550 1958 1634 ducerent,
2002 1549 2349 1633 navigavit
2384 1550 2470 1613 ad
2513 1567 2637 1616 nos

289 1654 684 1716 venerabilis
726 1655 922 1719 Pater
960 1656 1239 1738 Paulus,
1281 1656 1581 1738 provisor
1622 1657 1947 1720 ecclesiae
2003 1656 2241 1742 latinae
2279 1656 2349 1720 in
2372 1653 2643 1722 Oriente

169 1751 179 1758 ’
292 1764 360 1819 et
400 1754 837 1823 Gwardianus
881 1763 1117 1825 montis
1145 1760 1330 1844 Syon
1382 1777 1530 1823 cum
1571 1761 1712 1823 suis
1759 1761 2083 1847 fratribus,
2126 1768 2191 1823 et
2235 1776 2379 1823 cum
2405 1758 2635 1826 Calino

291 1860 538 1945 majori,
561 1862 948 1949 Sarraceno‚
991 1868 1101 1950 qui
1136 1874 1271 1929 erat
1294 1866 1603 1947 magister
1647 1864 1993 1947 hospitalis
2029 1866 2096 1928 in
2136 1865 2527 1949 Jerusalem,
2571 1875 2639 1928 et

291 1966 718 2032 consederunt
783 1988 928 2033 cum
996 1979 1268 2053 patrono
1337 1979 1562 2034 nostro
1624 1970 1846 2053 puppi.
1957 1967 2357 2036 Convocatis
2419 1979 2637 2035 autem

292 2073 583 2135 omnibus
626 2068 838 2158 nobis,
882 2075 1124 2159 incepit
1161 2077 1360 2139 Pater
1385 2073 1796 2159 Gardianus,
1838 2074 1942 2137 vir
1977 2083 2288 2159 maturus,
2328 2077 2637 2158 barbatus

293 2185 359 2240 et.
398 2175 666 2262 doctus,
742 2178 945 2244 latino
988 2199 1291 2245 sermone
1326 2198 1448 2243 nos
1490 2180 1773 2244 civiliter
1825 2188 1892 2241 et
1935 2189 2161 2243 ornate
2201 2180 2524 2262 salutare,
2568 2191 2639 2244 et

290 2281 694 2347 beneventos
737 2300 893 2346 esse
938 2283 1188 2369 dicere,
1232 2294 1299 2348 et
1352 2284 1730 2352 hortabatur
1791 2301 1912 2347 nos
1956 2283 2043 2346 ad
2086 2282 2527 2369 devotionem,
2573 2295 2642 2348 ct.

289 2385 370 2449 ad
407 2389 782 2469 patientiam
824 2397 893 2451 et
933 2388 1016 2451 ad
1059 2388 1632 2473 exemplariutem,
1675 2398 1741 2452 et
1782 2389 2078 2472 promisit
2122 2389 2296 2472 quod
2338 2387 2404 2452 in
2428 2388 2640 2453 Rama

290 2493 549 2575 regulas
605 2494 937 2575 regiminis
994 2496 1200 2558 nostri
1239 2513 1358 2577 per
1398 2502 1636 2582 terram
1679 2503 1973 2558 sanctam
2016 2494 2187 2557 iuter
2230 2493 2637 2560 Sarracenos

288 2597 489 2661 vellet
530 2597 719 2660 nobis
761 2596 1033 2660 tradere.
1135 2597 1251 2661 Sic
1293 2600 1487 2663 ctiam
1531 2599 1829 2663 dominus
1885 2595 2157 2661 Calinus
2213 2598 2639 2688 sarracenus,
2736 2667 2745 2674 ,

289 2699 955 2765 Trutzschelmannus
997 2710 1240 2786 noster,
1282 2722 1404 2767 nos
1446 2703 1805 2768 honorifice
1824 2701 2157 2785 salmavit,
2186 2712 2253 2766 et
2295 2704 2655 2792 prohibuit,
2702 2703 2709 2712 ‘

287 2824 375 2868 ne
413 2805 562 2888 quis
603 2823 802 2890 arma,
827 2805 1114 2889 gladium
1157 2816 1269 2870 aut
1309 2821 1530 2873 arcum
1571 2815 1795 2872 secum
1839 2806 1924 2870 de
1965 2807 2120 2871 navi
2147 2816 2493 2891 eportaret,
2519 2805 2642 2874 sed
2720 2847 2729 2860 -

290 2911 573 2976 inermes
617 2911 791 2974 sicut
833 2912 1159 2995 peregrini
1197 2912 1642 2997 procederent.
1705 2912 1792 2975 Et
1832 2912 1939 2975 his
1986 2911 2179 2975 dictis
2218 2912 2417 2976 Pater
2460 2912 2640 2978 Gar-

291 3014 522 3079 dianus
565 3033 711 3080 cum
753 3018 895 3080 suis
936 3016 1244 3080 fratribus
1287 3026 1351 3080 et
1377 3014 1607 3081 Calino
1642 2999 1980 3080 ‹lesc‘endit
2015 3017 2084 3081 in
2111 3019 2372 3086 barcam
2414 3018 2642 3084 diceus

292 3119 515 3203 nobis,
556 3129 626 3183 ut
669 3121 860 3186 citius
909 3140 1031 3187 nos
1074 3120 1532 3206 expediremus
1577 3129 1644 3186 et
1670 3101 2133 3206 sequeremur.
2221 3123 2381 3190 Erat
2424 3132 2641 3194 autem

290 3222 545 3306 prandii
585 3224 772 3310 hora,
818 3237 884 3291 et
924 3228 1178 3292 vocatis
1222 3227 1583 3310 peregrinis
1626 3225 1710 3290 ad
1751 3227 2093 3311 prandium
2137 3226 2540 3296 emedmas
2572 3239 2640 3294 et

290 3328 567 3391 bibimus
598 3346 746 3416 epm
779 3331 1174 3416 festinantia,
1206 3341 1281 3395 ut
1317 3332 1510 3396 cilius
1540 3331 1609 3392 in
1643 3339 1882 3394 terram
1910 3341 2209 3396 sanctam
2245 3334 2659 3406 veniremus..

290 3432 430 3497 Sub
473 3433 810 3520 prandium
872 3447 1192 3501 venerunt
1233 3453 1460 3500 omnes
1519 3432 1819 3517 galeotae
1877 3436 2195 3500 officiales
2256 3455 2429 3512 uuus
2491 3449 2638 3521 post

289 3538 524 3621 alium,
587 3545 656 3602 et
696 3538 781 3603 de
821 3543 1163 3624 peregrino
1215 3540 1300 3604 ad
1353 3541 1762 3630 peregrinum
1803 3557 1975 3622 cum:
2009 3543 2339 3624 argenteis
2399 3544 2643 3625 phialis

286 3644 714 3729 transierunt,
758 3655 1056 3728 petentes
1093 3645 1458 3726 curtusias,
1529 3661 1697 3727 quas
1740 3664 1862 3709 nos
1903 3635 2163 3710 bibales⁴
2213 3647 2636 3713 nominamus.

283 3748 372 3811 Et
427 3743 717 3836 improba
778 3750 973 3814 valde
1035 3760 1176 3814 erat
1237 3767 1461 3812 eorum
1519 3748 1905 3832 postulatio,
1976 3759 2042 3813 et
2108 3752 2477 3836 quicunque
2542 3753 2640 3830 eis

287 3850 641 3935 denegavit
684 3853 955 3939 donum,
997 3855 1172 3919 hunc
1210 3853 1516 3918 nolebant
1558 3852 1643 3916 de
1683 3852 1877 3937 galea
1926 3855 1994 3917 in
2039 3831 2237 3918 barca
2277 3855 2361 3921 ad
2398 3865 2675 3924 taram-

283 3954 556 4024 ducere·
638 3959 726 4022 Et
771 3960 893 4024 fuit
947 3979 1185 4045 magua
1240 3958 1616 4043 inquietudo
1671 3959 1743 4022 in
1792 3961 1988 4044 navi,
2053 3969 2316 4043 propter
2377 3960 2641 4026 iuvere-

291 4061 572 4124 cundam
618 4073 687 4126 et
717 4065 1071 4148 improbam
1116 4065 1366 4129 illorum
1408 4063 1805 4147 petitionem.
1879 4065 2152 4129 Peracto
2196 4055 2639 4149 illo‘linquleto

291 4167 568 4249 prandio
632 4178 698 4232 et
761 4170 995 4236 solutis
1031 4172 1359 4238 eui-tusas
1415 4169 1854 4253 disposuimus
1913 4161 2036 4233 no's
2095 4168 2177 4232 ad
2247 4170 2527 4256 exitum,
2575 4181 2642 4231 et

289 4274 669 4355 accepimus
712 4274 838 4339 duo
880 4276 1154 4340 vaseula
1193 4277 1330 4340 vini
1375 4284 1437 4338 et
1483 4275 1700 4360 saccis
1738 4276 2151 4356 immisimus,
2188 4293 2273 4338 ne
2294 4274 2638 4340 Sarraceni

285 4377 622 4462 viderent,
686 4383 840 4464 quia
906 4400 1036 4445 non
1099 4383 1427 4465 patiuntur
1493 4382 1714 4444 vinum
1800 4381 2152 4445 manifeste
2223 4379 2635 4446 circumduci.

2156 4478 2223 4537 ¹3
