3242 5259
1648 389 1665 404 ,-

379 479 567 557 parte
621 472 918 538 orientali
935 518 957 557 ,
1001 472 1113 536 ubi
1149 481 1283 537 stat
1319 445 1542 538 ‘adhue
1577 481 1739 559 pars
1766 457 1953 559 muri,
1987 494 2134 542 eum
2177 483 2371 560 rma
2403 476 2753 548 testudine·

380 573 665 661 desuper
719 575 1153 660 dependente.
1235 577 1457 642 Locus
1512 578 1688 644 illius
1750 581 1931 645 chori
1982 592 2086 645 est
2143 583 2440 646 omnibus
2500 600 2731 648 saetae

380 681 633 747 Bibliae
667 682 1080 747 credentibus
1103 683 1518 748 venerabilis.
1557 683 1796 748 Judaei
1842 686 2282 768 multumqeum
2315 697 2728 769 venerantur,

367 790 537 874 -quia
577 788 887 870 eredunt,
929 790 1102 854 sient
1144 798 1211 852 et
1249 806 1407 872 nos,
1470 789 1647 874 quod
1699 791 1789 854 ibi
1835 790 2028 854 fuerit
2079 792 2426 856 oratorium
2490 789 2728 873 David,

379 894 528 957 sive
549 881 1090 977 ,tabemaculum-,
1147 897 1216 958 in
1256 893 1429 978 quod
1466 898 1611 978 ipse
1654 902 1724 956 et
1765 895 2117 960 universus
2156 896 2359 959 Israel
2405 895 2728 960 duxerunt

383 1015 602 1062 aream
661 998 786 1062 Dei
849 1017 995 1066 eum
1051 1000 1324 1063 eantiois
1397 1008 1465 1062 et
1527 1001 1975 1064 instrumentis
2033 1001 2299 1065 musicis
2352 1002 2421 1063 in
2491 1018 2727 1084 magno

375 1101 618 1185 jubil03
681 1112 753 1166 ut
794 1104 1070 1168 habetur
1107 1106 1174 1168 2.
1215 1103 1491 1187 Regum.
1534 1105 1598 1166 6.
1680 1106 1757 1167 In
1819 1107 1944 1169 hoo
2010 1105 2153 1170 loeo
2215 1107 2471 1188 aceepit
2532 1108 2743 1172 etiam·

383 1207 878 1291 promissionem
922 1208 1006 1276 de
1026 1207 1290 1272 Christo
1333 1210 1666 1271 naseituro
1709 1228 1796 1273 ex
1835 1211 2084 1274 semine
2124 1227 2266 1293 suo,
2288 1219 2360 1274 ut
2402 1209 2635 1274 dieitur
2660 1211 2767 1296 23,

383 1311 664 1395 Regum.
704 1311 764 1376 ⁷.
847 1315 980 1376 Hie
1020 1313 1205 1380 locus
1250 1315 1440 1378 etiam
1481 1315 1718 1399 templo
1773 1321 2150 1380 eonstruoto
2192 1316 2432 1379 mansit
2472 1333 2732 1398 semper

383 1417 661 1481 celebris
701 1426 771 1481 et
811 1419 1048 1504 populo
1091 1419 1384 1483 dilectus.
1469 1420 1660 1485 Unde
1700 1422 2016 1486 Dominus
2059 1421 2262 1484 Jesus
2304 1421 2372 1484 in
2415 1421 2541 1485 hoo
2579 1420 2729 1486 loeo

386 1522 759 1606 frequenter
798 1524 1046 1588 solebat
1105 1523 1497 1608 praedicare.
1580 1525 1737 1589 Ideo
1779 1528 1847 1590 in
1892 1518 2101 1590 medio
2158 1528 2514 1608 pavimenti
2574 1515 2777 1610 sunt}

381 1627 515 1693 duo
576 1628 830 1712 lapides
897 1629 1287 1695 altrinsecus
1349 1632 1580 1713 positi:
1669 1650 1839 1696 unus
1893 1633 2074 1715 jacet
2124 1633 2193 1696 in
2237 1631 2412 1714 loeo,
2466 1631 2534 1693 in
2600 1648 2731 1714 quo

384 1732 703 1824 Dominus
744 1743 932 1798 stans
988 1731 1420 1819 praedicavit3
1477 1737 1642 1800 alter
1707 1746 1812 1801 est
1856 1739 1923 1801 in
1977 1736 2155 1819 loco,
2188 1737 2286 1799 -in
2350 1753 2478 1821 quo
2540 1736 2732 1798 beata

385 1839 594 1924 Virgo
647 1857 982 1902 sermones
1029 1837 1146 1902 filii
1211 1840 1434 1904 audire
1496 1845 1859 1907 consuevit.
1941 1841 2124 1904 Loea
2180 1840 2295 1904 illa
2358 1849 2426 1903 et
2479 1838 2731 1922 lapides

307 1937 332 1958 '¹'
381 1942 547 2030 (00
568 1944 680 2028 A)
734 1944 1089 2009 deoseulati
1127 1962 1382 2009 sumus·
1408 1948 1711 2032 prostrati
1763 1948 1832 2010 in
1866 1955 2105 2009 terram
2161 1953 2231 2008 et
2295 1943 2733 2029 indulgentias

384 2051 758 2132 acecpimus
803 2050 940 2133 st).
993 2052 1069 2113 In
1124 2049 1270 2114 loeo
1311 2050 1421 2113 illo
1462 2051 1929 2136 aliquantisper
1969 2052 2302 2133 stetimus,
2380 2060 2444 2113 et
2508 2052 2732 2114 ruinas

389 2154 871 2240 deplanximus,
938 2166 1002 2220 et
1065 2175 1183 2239 per
1247 2157 1588 2220 circuitum
1656 2156 1906 2239 lapides
1973 2156 2329 2218 sanctuarii
2398 2154 2732 2236 dispersos

388 2258 686 2324 dolentes
730 2263 1121 2344 aspeximus.
1209 2258 1546 2338 Quondam
1591 2261 1764 2324 enim
1822 2260 1941 2324 fuit
2000 2261 2087 2323 ibi
2127 2258 2394 2343 grandis
2452 2256 2736 2322 wolesia

386 2365 602 2448 valde,
629 2364 712 2428 de
753 2384 883 2450 qua
925 2365 1084 2429 nihil
1124 2366 1431 2428 remansit
1471 2365 1600 2427 nisi
1640 2382 1795 2448 pars
1836 2363 2068 2427 dextra
2110 2365 2176 2426 in
2216 2364 2424 2427 latere
2458 2377 2735 2445 magnae

389 2470 711 2536 eeclesiae
752 2470 1157 2553 dependens,
1221 2487 1391 2553 quae
1433 2486 1587 2552 pars
1652 2469 1846 2533 hodie
1904 2477 2008 2532 est
2066 2468 2349 2534 eeelesia
2391 2476 2459 2531 et
2498 2467 2738 2531 chorus

390 2577 680 2660 fratrum,
723 2585 795 2640 ut
833 2574 1157 2658 praedixi:
1213 2574 1515 2637 remansit
1560 2574 1755 2637 etiam
1798 2583 1995 2658 eaput
2036 2575 2217 2638 ebori
2256 2591 2404 2638 eum
2445 2571 2739 2636 fenestra

390 2680 683 2748 orientali
710 2726 733 2764 ,
771 2689 837 2743 et
876 2679 1229 2761 semirupta
1271 2677 1597 2744 testudine
1639 2679 1889 2744 ruinam
1930 2679 2232 2744 minante.
2305 2675 2515 2759 Supra
2558 2675 2745 2738 illam

391 2784 734 2849 testudinis
776 2793 1002 2869 ruptae
1043 2792 1326 2868 partem,
1368 2782 1448 2845 ab
1488 2783 1695 2867 intra,
1740 2783 1822 2848 de
1865 2782 2008 2846 loco
2068 2781 2397 2845 missionis
2451 2779 2739 2863 Spiritus

392 2892 602 2954 saneti
646 2900 750 2953 est
792 2907 1113 2953 ascensus
1156 2906 1272 2972 per
1312 2886 1575 2971 gradus,
1614 2907 1734 2972 per
1776 2905 1943 2973 quos
1985 2895 2052 2949 et
2094 2885 2384 2969 ascendi,
2408 2892 2477 2948 et
2515 2883 2742 2948 inveni

389 2997 831 3081 pavimentum
875 2993 1203 3058 testidinis
1245 3002 1472 3076 ruptae
1513 2993 1697 3057 vario
1741 3000 1810 3057 et
1846 2992 2049 3078 polito
2084 3008 2400 3058 marmore
2429 2996 2737 3070 stratum3
2778 3019 2795 3034 ι

390 3120 476 3166 ex
519 3120 647 3186 quo
692 3103 952 3185 opinor,
1014 3098 1190 3183 quod
1230 3116 1426 3182 snpra
1488 3099 1753 3164 chorum
1798 3104 1868 3160 et
1910 3096 2260 3164 eeclesiam
2304 3095 2386 3160 ad
2443 3096 2574 3159 huo
2618 3093 2741 3160 fuit
2766 3077 2785 3090 ‘
2840 3091 2851 3100 '

390 3206 520 3272 alia
560 3206 854 3272 eeclesia·
897 3206 966 3266 in
1010 3204 1161 3268 alto.
1246 3204 1332 3267 Et
1373 3204 1470 3268 ita
1508 3203 1792 3270 eeclesia
1843 3202 2032 3288 Syon
2088 3202 2314 3270 habuit
2355 3201 2480 3266 tria
2530 3187 2742 3266 inter-

390 3313 572 3378 stitia
611 3318 1035 3393 consecrata,
1075 3309 1331 3374 scilieet
1369 3320 1665 3395 cryptam
1717 3311 1839 3375 sub
1886 3320 2091 3391 terra,
2151 3306 2500 3372 ecelesiam
2542 3319 2742 3386 super

393 3425 662 3499 terrm,
708 3424 775 3478 et
816 3432 1014 3499 supra
1068 3405 1413 3480 eeclesiam
1479 3414 1658 3479 alind
1717 3424 2009 3480 ornatum
2072 3410 2577 3477 tabernaculum.
2664 3409 2743 3472 In

390 3521 591 3588 ohoro
629 3521 890 3604 antiquo
931 3526 1069 3582 stat
1081 3517 1300 3582 adhue
1328 3536 1649 3586 summum
1684 3521 1911 3604 altare,
1946 3519 2069 3584 sed
2104 3517 2513 3600 dissipatum.
2553 3511 2743 3579 Con-

393 3634 746 3709 sequenter
786 3624 1258 3690 deelinavimus
1297 3624 1381 3688 ad
1423 3623 1595 3688 latus
1644 3625 1980 3690 sinistrum
2020 3623 2270 3707 antiqui
2311 3621 2515 3702 chori,
2546 3627 2621 3683 ut
2663 3615 2743 3682 ad

393 3731 528 3796 alia
566 3731 714 3796 loca
751 3738 984 3798 saneta
1021 3745 1462 3814 pergeremus,
1490 3736 1556 3791 et
1590 3727 1960 3794 invenimus
1998 3727 2093 3794 ihi
2119 3725 2353 3790 sedere
2390 3723 2741 3789 orientales
2820 3723 2839 3738 “

394 3836 807 3902 Christianos
837 3834 1030 3918 juxta
1069 3854 1268 3899 unum
1307 3832 1688 3919 quadratum
1733 3833 2032 3918 lapidem,
2060 3834 2173 3917 qui
2216 3829 2300 3895 de
2329 3830 2749 3896 fundamento

396 3943 642 4026 antiqui
704 3942 884 4006 chori
944 3959 1063 4023 pro
1141 3949 1327 4023 parte
1388 3941 1741 4025 prominet,
1818 3939 1948 4004 alia
2023 3944 2207 4021 parte
2277 3934 2491 4002 adhue
2560 3952 2744 4002 muro

394 4056 657 4111 vetusto
700 4045 1052 4127 eonjunota
1092 4054 1211 4109 est.
1296 4046 1374 4108 In
1431 4045 1544 4109 illo
1588 4044 1807 4130 lapide
1869 4042 2174 4107 ludebant
2214 4041 2311 4104 illi
2373 4039 2746 4108 orientales

395 4152 823 4218 sortisoantes
872 4159 1151 4233 quatuor
1193 4148 1524 4235 lapillulis,
1570 4168 1652 4216 ae
1690 4152 1757 4215 si
1770 4158 1997 4215 ment
2039 4148 2273 4216 taxilli.
2315 4145 2535 4211 Prima
2574 4145 2747 4216 euim

397 4256 612 4321 fronte
653 4256 1075 4320 aestimabam
1118 4274 1232 4319 eos
1274 4256 1639 4322 tesseribus
1681 4255 1942 4340 ludere,
1992 4263 2060 4320 et
2103 4254 2400 4336 mirabar,
2433 4248 2607 4335 quod
2654 4248 2748 4310 ihi

399 4362 471 4425 in
513 4361 799 4445 publico,
840 4370 908 4425 et
949 4360 1061 4425 ubi
1103 4359 1281 4424 nulla
1321 4371 1424 4426 est
1465 4362 1797 4464 habitatio,
1852 4361 2191 4444 sederent,
2231 4357 2536 4423 neseiens
2576 4350 2748 4438 quod

1888 4477 1941 4500 u·-
