3242 5259
1386 348 1472 412 67

406 529 654 609 Quarta
708 530 964 601 decim
1004 529 1157 612 die,-
1199 548 1367 612 quae
1419 534 1559 593 est:
1587 532 1861 596 Tiburtis
1905 539 1973 593 et
2012 518 2598 621 Valemnuflecta

240 640 459 703 Missa
498 647 565 701 et
607 646 871 719 sumpto
916 637 1081 717 cibo,
1145 639 1560 721 congregatis
1622 637 1708 700 ad
1769 624 1900 701 me'
1930 640 2224 707 omnibus
2290 638 2597 715 tratribus

243 743 381 808 dixi
440 744 544 805 eis
572 787 594 823 ,
658 752 781 804 me
815 740 953 823 jam
1016 741 1189 803 velle
1250 758 1337 804 cx
1398 751 1531 805 toto
1575 743 1919 822 recedere:
1982 752 2047 804 et
2088 744 2597 812 benedictionem

244 850 690 913 itinerantium
732 865 774 908 a
812 845 1171 909 reverendo
1215 847 1408 909 Patre
1453 849 1772 931 Magistro
1814 847 2170 912 Ludowico
2209 853 2382 934 petii.
2455 851 2598 930 Qui

254 952 442 1017 duxit
484 973 589 1019 me
634 952 719 1015 ad
762 953 1051 1035 chorum,
1121 946 1203 1014 ad
1247 972 1438 1035 quom
1497 934 1672 1016 totus
1738 952 2120 1017 Conventus
2177 959 2600 1020 comitabatur

252 1078 379 1147 me,
418 1068 484 1120 et
527 1066 890 1140 prostratus
931 1060 999 1120 in
1044 1059 1255 1122 medio
1278 1059 1478 1122 chori
1523 1078 1741 1122 coram
1789 1059 2144 1121 venerabili
2178 1058 2598 1123 sacramento

246 1165 473 1227 altaris
543 1165 766 1245 accepi
842 1162 1352 1227 benedictionem
1418 1182 1568 1228 cum
1637 1167 1888 1259 ingenti
1959 1164 2172 1227 Patris
2237 1162 2481 1227 Prioris
2537 1166 2604 1226 et

243 1271 529 1332 omnium
576 1270 844 1332 fratrum
901 1268 1076 1333 fletu.
1164 1271 1307 1353 Ego
1368 1290 1526 1333 vero
1594 1281 1866 1353 accepta
1925 1267 2383 1333 benedictione
2441 1288 2604 1352 prae

241 1376 530 1459 singultu
573 1385 639 1437 et
669 1374 822 1437 fletu
849 1376 1067 1437 verbis
1112 1375 1415 1438 fratribus
1455 1375 1826 1438 valedicere
1841 1394 1998 1441 :non
2032 1376 2230 1456 potui:
2275 1374 2396 1438 sed
2415 1372 2603 1458 'ipsae

243 1481 549 1544 lacrimae
590 1489 657 1542 et
698 1481 929 1549 vultus
965 1496 1263 1545 moerens
1312 1491 1380 1544 et
1421 1481 1748 1562 singultus
1792 1481 2290 1563 loquebamur..''
2308 1476 2601 1563 Singulis

243 1605 399 1669 ergo
445 1586 750 1649 fratribus
795 1586 1179 1669 amplexatis
1219 1596 1283 1647 et
1327 1587 1723 1651 deosculatis
1784 1606 1891 1649 me
1946 1596 2165 1649 ectum
2207 1585 2602 1655 orationibus

252 1691 723 1755 commendavi.
813 1691 946 1752 Vix
1006 1692 1225 1759 aulem
1287 1692 1684 1775 persuadere
1739 1700 2028 1775 poteram
2091 1700 2160 1755 ut
2201 1684 2601 1759 tevereudus

246 1797 570 1878 Magister
619 1790 1014 1861 Ludowic'us
1060 1795 1235 1883 domi
1324 1798 1392 1858 in
1456 1810 1632 1879 pace
1676 1806 1982 1860 maneret.
2089 1794 2369 1859 Volebat
2429 1799 2599 1859 enim

244 1901 502 1964 salvum
547 1901 933 1967 conductum
979 1902 1130 1967 mihi
1154 1892 1526 1987 praestare,
1573 1900 1784 1987 usque
1825 1884 2385 1987 in‘Memmingen,
2428 1902 2602 1964 sicut

246 2007 425 2089 prius
475 2007 741 2090 fecerat,
791 2007 910 2070 sed
950 2025 1072 2089 ego
1118 2010 1373 2071 omnino
1418 2011 1719 2071 recusavi
1765 2006 1920 2090 (2⁶
1943 2006 2071 2092 A),
2114 2026 2199 2069 ne
2252 2009 2321 2067 in
2377 2016 2600 2075 nostra

252 2114 663 2193 separatione
711 2129 885 2175 nova
925 2114 1183 2175 tristitia
1227 2124 1290 2176 et
1334 2113 1608 2176 turbatio
1655 2112 1878 2176 ambos
1921 2111 2227 2175 afficeret.
2286 2106 2601 2188 Quamvis

258 2216 428 2279 enim
473 2217 642 2281 laeto
685 2220 898 2282 animo
943 2228 1008 2281 et
1030 2218 1517 2301 'jocundissima
1557 2228 1774 2293 mente
1818 2217 1898 2279 ad
1928 2216 2103 2280 illam
2130 2206 2603 2301 peregrinatio·
2647 2250 2656 2259 ·

261 2340 408 2383 nem
452 2341 811 2406 pergerem,
850 2325 916 2386 in
957 2325 1366 2406 separatione
1424 2331 1674 2384 tamen-⁸
1706 2341 1747 2383 a
1810 2329 1940 2383 tam
2005 2322 2378 2386 fidelissimo
2409 2324 2604 2385 Patre

138 2498 163 2525 .
254 2435 326 2487 et
398 2429 800 2491 charissimis
866 2428 1029 2490 meis
1094 2426 1400 2490 fratribus
1463 2426 1735 2489 moestis
1798 2433 1863 2487 et
1932 2427 2225 2488 tristibus
2304 2428 2605 2491 lacrimas

262 2533 566 2613 copiosas
613 2532 886 2594 fundere
949 2551 1055 2593 me
1095 2522 1373 2592 necesse
1415 2539 1572 2591 erat.
1662 2527 2004 2611 colligatis
2065 2531 2284 2614 itaque
2324 2531 2604 2596 sacculis

258 2638 446 2719 meis,
498 2652 664 2716 quos
726 2648 977 2696 mecum
1041 2633 1279 2697 ducere
1340 2608 1673 2717 volebam,
1738 2641 1803 2695 et
1855 2653 2021 2716 equo
2079 2632 2273 2717 quem
2325 2652 2604 2698 emeram
2653 2654 2664 2663 ·

254 2739 602 2820 impositis,
649 2736 930 2819 desuper
971 2737 1135 2821 sedi,
1181 2755 1328 2801 cum
1371 2756 1564 2803 servo
1608 2737 1883 2807 Comitis
1924 2754 2323 2800 recessurus.
2408 2737 2640 2807 Porro,

250 2861 361 2906 me
400 2843 469 2905 iu
596 2862 679 2906 uo
711 2842 983 2905 sedente
1024 2861 1258 2906 omnes
1301 2844 1536 2905 fratres
1579 2844 2096 2911 ‹arcumstantem
2118 2838 2354 2909 obu‘ixe
2395 2844 2608 2924 petie-

255 2956 437 3031 runt,
478 2957 555 3011 ut
711 2967 752 3010 a
804 2956 1036 3011 sancta
1091 2947 1437 3030 diligenter
1486 2957 1778 3010 notarem
1796 2990 1816 3027 ,
1876 2956 1941 3009 et
1995 2948 2467 3025 conscriberem
2523 2945 2607 3009 ad

258 3052 653 3137 eosdemque
698 3051 1048 3134 deferrem,
1090 3060 1164 3115 ut
1201 3061 1266 3116 et
1311 3052 1459 3135 ipsi,
1504 3054 1630 3116 etsi
1672 3071 1801 3116 non
1821 3071 2109 3136 corpore,
2131 3062 2347 3115 mente
2388 3060 2606 3115 tamen

258 3167 531 3241 possent
572 3160 748 3222 circa
789 3158 936 3221 loca
975 3167 1208 3221 sancta
1246 3159 1560 3222 recreari:
1605 3157 1780 3242 quod
1811 3154 1900 3220 ‘et
1943 3140 2248 3221 frairibus
2273 3156 2596 3245 ‘promisi
2619 3210 2636 3231 .

259 3262 345 3325 Et
402 3281 549 3327 cum
612 3264 738 3328 hoc
805 3282 1042 3327 servus
1101 3263 1373 3328 Comitis
1446 3272 1511 3327 ct
1588 3282 1713 3347 ego
1789 3261 2199 3328 conventum
2260 3264 2604 3345 exivi-mus,
2665 3270 2710 3311 Ψ

259 3375 327 3430 et
359 3368 524 3433 clam
547 3371 735 3453 quasi
766 3368 1019 3432 occulte
1040 3369 1123 3433 de
1147 3371 1412 3433 civitate
1446 3371 1911 3455 equitavimus:
1958 3350 2612 3463 per'portamgrsgis

258 3475 474 3555 pontis
521 3476 934 3538 transeuntes
979 3476 1216 3540 flumen
1236 3474 1536 3539 Danubii.
1558 3475 1644 3539 *A
1685 3493 1845 3539 casu
1891 3484 2107 3539 autem
2150 3472 2606 3538 concordantia
2673 3470 2686 3483 ⁶

253 3578 495 3640 accidit
534 3581 772 3663 prieris
809 3582 1348 3664 peregrinationis
1393 3588 1459 3642 et
1500 3579 1674 3645 illius
1720 3599 1847 3665 quo
1912 3581 1995 3642 ad
2039 3579 2232 3647 diem.
2327 3577 2604 3641 Primam

251 3683 429 3748 enim
497 3687 1052 3769 pereginationem
1114 3688 1181 3749 in
1242 3683 1346 3746 die
1410 3693 1780 3747 sanctornm
1828 3686 2097 3773 'l'iburtii
2155 3692 2223 3746 et
2272 3683 2606 3745 Valeriani

256 3787 581 3852 inchoavi.
667 3791 913 3854 Eodem
979 3766 1195 3854 autem
1261 3788 1368 3850 die
1424 3797 1487 3849 et
1526 3789 1692 3850 bora
1743 3789 1994 3852 duobus
2049 3791 2239 3851 annis
2297 3786 2607 3851 revolutis

251 3890 336 3955 ad
379 3894 732 3959 secundam
777 3897 1251 3980 Evagationem
1308 3892 1643 3975 prefectus
1688 3911 1852 3957 sum.
1965 3894 2350 3977 Equitantes
2387 3900 2607 3955 autem

255 4014 494 4062 servus
537 4000 815 4071 Comitis
859 4010 926 4062 et
969 4019 1094 4084 ego
1161 3999 1343 4062 ocius
1401 3999 1484 4062 ad
1535 4000 1760 4063 villam
1824 3998 2067 4061 Dissen
2136 4000 2475 4081 venimus,
2541 4005 2609 4058 et

250 4119 450 4185 supra
513 4084 692 4168 illam
751 4107 819 4168 in
875 4115 1190 4189 castrum,
1258 4106 1326 4169 in
1388 4124 1515 4189 quo
1571 4104 1889 4168 Dominus
1947 4103 2188 4169 Comes
2260 4103 2608 4181 residebat,

266 4209 702 4279 ascendimus,
808 4209 1029 4274 Causa
1084 4222 1319 4294 autem,
1377 4220 1639 4295 propter
1695 4220 1886 4295 quam
1946 4230 2052 4274 me
2104 4210 2404 4305 vocavit,
2469 4215 2610 4269 erat

258 4315 417 4383 ista.
460 4313 598 4377 Sub
637 4324 851 4379 castro
892 4318 961 4380 in
991 4314 1171 4400 villa,
1192 4334 1363 4399 quae
1402 4314 1638 4379 dicitur
1654 4314 2080 4407 Jedenslteim
2113 4315 2225 4378 vel
2245 4310 2609 4377 Iheidems-

265 4418 477 4503 heim,
533 4430 673 4484 erat
731 4422 1046 4506 quaedam
1102 4424 1290 4506 virgo
1346 4420 1629 4484 alienata
1691 4440 1735 4485 a
1787 4422 2122 4504 sensibus,
2165 4435 2372 4555 :lum
2428 4404 2611 4479 multi

1881 4540 1918 4571 ι
2106 4521 2142 4577 5
2313 4542 2338 4561 a
