3242 5259
1730 402 1734 406 ·
1749 372 1878 438 340

656 551 1212 617 fortunatissimus
1251 573 1406 619 mox
1450 552 1728 620 effectus
1784 564 1908 639 est,
1950 564 2019 619 et
2063 556 2263 620 frater
2302 553 2446 638 ejus
2488 574 2529 618 e
2570 537 2887 621 contrario
2931 557 3004 620 in

657 658 798 721 dies
844 656 1101 723 defecit.
1188 655 1355 742 Cum
1398 667 1612 723 autem
1658 667 1724 722 et
1776 657 1923 743 ipse
1985 660 2219 724 haeres
2265 660 2521 726 sudarii
2568 663 2638 723 in
2692 660 3003 750 extremis

659 768 904 844 ageret,
948 778 1069 824 suo
1112 761 1427 825 dilectiori
1490 762 1622 830 filio
1667 760 2046 846 derelequit,
2093 757 2318 827 dicens
2354 765 2479 828 sibi
2500 765 2807 830 virtutem
2831 759 3001 850 ejus,

660 876 724 928 et
766 866 877 929 ubi
915 874 1240 948 repertum
1286 864 1538 932 fnisset.
1639 862 1768 943 Qui
1820 876 2093 950 accepto
2160 868 2421 932 sudario
2480 865 2693 952 suffito
2757 861 2999 938 ditatus

656 978 780 1054 est,
826 978 893 1032 et
934 971 1029 1033 ita
1048 968 1284 1038 Judaei
1327 970 1412 1034 de
1452 972 1584 1035 ista
1627 970 1800 1052 linea
1841 971 2054 1053 magis
2097 970 2252 1034 facti
2295 970 2534 1035 divites
2564 978 2647 1036 ,et
2680 972 2996 1035 honorati.

651 1076 742 1140 Et
777 1075 1082 1137 transivit
1119 1076 1446 1140 sudarium
1484 1073 1914 1138 haereditario
1949 1074 2098 1156 jure
2140 1075 2222 1139 de
2263 1094 2390 1138 uno
2431 1073 2517 1140 ad
2559 1075 2753 1142 alium
2776 1075 2999 1140 multis

651 1179 1049 1264 temporibus
1088 1197 1300 1264 usque
1339 1180 1424 1244 ad
1468 1182 1757 1262 quintam
1796 1180 2285 1262 generationem
2307 1223 2328 1263 ,
2370 1180 2441 1242 in
2482 1199 2610 1263 qua
2652 1169 2832 1243 facta
2873 1180 2998 1243 fuit

654 1281 982 1348 contentio
1025 1283 1199 1348 inter
1241 1283 1478 1347 fratres
1543 1283 1629 1345 de
1688 1283 1973 1366 sudario,
2014 1293 2080 1346 et
2127 1300 2236 1362 res
2277 1285 2344 1347 in
2408 1284 2735 1367 publicum
2793 1285 2995 1348 venit.

649 1387 800 1452 Hoc
843 1387 1179 1451 audientes
1223 1386 1575 1454 Christiani
1613 1389 1947 1451 instabant
1984 1407 2099 1471 pro
2140 1373 2402 1451 sudario
2446 1389 2744 1453 habendo
2761 1419 2803 1473 ,·
2823 1397 2998 1452 tam-

651 1511 846 1576 quam
885 1512 1003 1576 pro
1047 1511 1118 1560 re
1158 1511 1302 1578 sua,
1333 1494 1463 1556 sed
1499 1491 1741 1556 Judaei
1782 1494 1957 1557 nullo
2012 1491 2202 1556 modo
2246 1492 2401 1554 dare
2440 1492 2781 1577 volebant,
2822 1491 2998 1555 uude

654 1596 834 1661 facta
875 1603 979 1660 est
1020 1597 1253 1666 seditio
1296 1614 1535 1679 magna
1577 1598 1646 1661 in
1686 1589 2083 1682 Jerusalem,
2124 1599 2611 1682 insurgentibus
2670 1595 2996 1660 Chr1stia-

649 1703 755 1765 nis
798 1711 1023 1766 contra
1043 1701 1335 1766 Judaeos
1377 1720 1495 1787 pro
1537 1701 1820 1768 sudario.
1872 1703 2061 1767 Unde
2104 1702 2189 1765 ad
2221 1702 2572 1765 sedandam
2607 1702 2997 1766 seditionem

647 1809 864 1871 visum
897 1815 999 1868 est
1022 1805 1465 1892 prudentibus,
1481 1818 1577 1898 *ut
1613 1805 1821 1888 judex
1843 1808 2016 1871 illius
2060 1811 2153 1872 rei
2204 1810 2744 1871 et·sententiator
2783 1826 2995 1891 pone-

653 1920 846 1993 retur,
859 1901 980 1995 'qui
998 1928 1121 1972 uec
1141 1910 1551 1975 Christianus
1574 1927 1698 1974 nec
1718 1911 2015 1976 Judaens
2060 1922 2238 1976 esset
2264 1913 2412 2004 etin
2439 1911 2587 1995 ejus
2600 1913 2993 1974 seutentiam

649 2017 878 2079 ambae
915 2023 1141 2108 partes
1170 2015 1640 2082 consentirent.
1687 2015 1874 2095 Quod
1899 2036 2045 2081 cum
2084 2019 2460 2101 placuisset,
2505 2015 2865 2079 advocatus
2889 2024 2994 2079 est

648 2121 1095 2212 Mabiushreqt
1122 2117 1648 2207 Sarracenorum,
1684 2131 1761 2186 ut
1805 2123 2002 2187 ferret
2045 2125 2430 2187 senteutiam
2477 2121 2558 2184 de
2600 2121 2887 2204 sudario,
2925 2129 2991 2182 et

649 2228 866 2290 omnia
906 2209 1066 2289 sunt·
1095 2225 1225 2290 sibi
1268 2235 1524 2289 narrata
1566 2246 1607 2291 a
1649 2230 1958 2313 partibus.
1999 2226 2129 2307 Qui
2169 2237 2409 2292 statuto
2459 2225 2583 2310 die,
2627 2231 2991 2288 convocata

651 2332 824 2395 omni
866 2330 1058 2414 plebe
1106 2327 1639 2418 Christianorum,
1682 2331 2119 2419 Judaeorum,
2174 2345 2243 2397 et
2282 2334 2570 2414 aliorum,
2621 2333 2689 2392 in
2732 2329 2989 2413 publica

649 2436 868 2520 platea
905 2434 1076 2502 sedit
1118 2454 1265 2499 cum
1310 2438 1633 2524 tribunali,
1687 2439 2020 2526 jussitque
2079 2440 2205 2502 sibi
2261 2438 2584 2521 apportari
2638 2436 2985 2520 sudarium.

647 2543 736 2605 Et
779 2540 1040 2605 allatum
1083 2549 1188 2604 est
1228 2543 1290 2610 ei
1328 2531 1400 2605 in'
1437 2545 1700 2613 scrinio.
1754 2619 1765 2630 ,
1808 2547 2088 2609 Domum
2141 2544 2344 2627 jussit
2406 2542 2733 2626 apportari
2792 2540 2989 2625 ligna,

650 2654 719 2709 et
759 2646 1092 2728 copiosum
1130 2647 1362 2735 ignem·
1397 2648 1466 2710 iu
1513 2647 1725 2714 medio
1767 2649 2054 2734 accendi.
2156 2650 2243 2712 Et
2311 2652 2581 2711 staLant
2622 2645 2861 2710 Judaei
2905 2649 2987 2711 ab

648 2769 780 2814 una
816 2760 1004 2835 parte
1044 2751 1205 2835 rogi,
1232 2739 1585 2816 Christiani
1628 2754 1709 2816 ab
1753 2754 1902 2838 alia,
1922 2754 2201 2842 gentiles
2243 2773 2401 2838 vero
2450 2755 2618 2816 inter
2657 2761 2988 2836 utrosque.

642 2855 794 2921 Rex
843 2873 1002 2940 ergo
1044 2867 1313 2946 accepto
1367 2857 1631 2922 linteolo
1691 2859 2026 2945 clamavit,
2072 2859 2325 2923 dicens:
2374 2875 2567 2921 ·nunc
2607 2856 2774 2920 Jesu
2836 2858 2986 2921 Na-

645 2979 907 3045 zarene,
942 2980 1098 3025 ecce
1136 2962 1468 3028 sudarium
1509 2972 1714 3048 tuum,
1796 2964 2121 3048 Dijudica,
2161 2966 2266 3028 cui
2308 2965 2475 3050 parti
2517 2961 2843 3026 debeatur.
2897 2963 2991 3026 Et

644 3066 771 3129 hoc
814 3066 987 3134 dicto
1028 3066 1357 3134 linteolum
1401 3068 1676 3132 flammis
1717 3069 1959 3160 injecit.
2072 3067 2217 3148 Quo
2279 3069 2559 3152 injecto,
2616 3086 2987 3152 moramque

645 3165 1107 3253 aliquantulum
1143 3172 1446 3256 faciente,
1492 3175 1711 3238 cuncti
1746 3176 1889 3259 ejus
1917 3174 2425 3239 consumtiouem
2468 3174 2984 3254 suspicabantur.

645 3272 783 3336 Sed
824 3291 1020 3357 ecce,
1062 3276 1280 3338 subito
1345 3277 1645 3343 illaesum
1702 3280 1786 3344 de
1849 3282 2002 3364 igne
2060 3296 2496 3361 consurgenS,
2564 3288 2632 3340 et
2674 3280 2743 3341 in
2783 3278 2985 3343 altum

643 3395 905 3442 sursum
941 3394 1022 3441 se
1029 3377 1318 3466 tollens,
1364 3384 1551 3467 quasi
1592 3386 1738 3448 avis
1781 3388 2092 3470 expansis
2133 3385 2257 3448 alis
2320 3384 2542 3447 volare
2598 3386 2814 3467 coepit
2834 3429 2855 3467 ,
2918 3393 2987 3448 et

645 3482 1037 3567 aliquamdiu
1082 3505 1199 3571 per
1241 3505 1457 3551 aerem
1484 3490 1962 3554 circumvolans
1994 3489 2306 3577 paulatim
2328 3489 2540 3573 coepit
2564 3489 2981 3556 descendere.

641 3591 729 3651 Et
768 3591 1027 3654 stabant
1071 3610 1298 3655 omnes
1339 3597 1649 3678 suspensi
1688 3595 2005 3681 vultibus,
2047 3604 2114 3659 et
2160 3594 2435 3658 elevatis
2476 3598 2812 3681 manibus,
2860 3616 2984 3661 ex-

637 3703 1041 3782 spectantes,
1084 3700 1194 3763 cui
1236 3700 1404 3784 parti
1448 3698 1755 3764 advolare
1792 3700 2011 3764 vellet.
2097 3700 2360 3784 Angclo
2422 3708 2639 3764 autem
2711 3701 2876 3765 duce
2916 3703 2986 3765 in

639 3801 905 3868 brachia
948 3797 1459 3867 Christianorum
1502 3805 1825 3889 consedit,
1868 3808 1979 3894 qui
2032 3806 2226 3869 flexis
2267 3805 2567 3890 genubus
2607 3805 2765 3886 illud
2825 3823 2984 3870 sus-

641 3913 975 3992 ceperunt,
1021 3914 1088 3969 et
1127 3909 1195 3971 in
1237 3907 1584 3974 ecclesiam
1640 3912 1852 3974 sancti
1906 3910 2191 3996 sepulcri
2248 3929 2395 3974 cum
2464 3928 2700 3994 magno
2739 3912 2982 3995 gaudio

636 4020 1071 4098 portaverunt.
1157 4012 1243 4076 Et
1276 4015 1515 4078 mansit
1558 4015 1650 4100 ibi
1692 4016 1911 4078 multis
1953 4019 2143 4080 annis
2183 4020 2252 4079 in
2296 4033 2532 4101 magna
2563 4018 2982 4098 veneratione

636 4116 806 4180 inter
848 4115 1155 4200 reliquias
1199 4118 1412 4181 sancti
1451 4119 1825 4206 sepulchri
1824 4140 1955 4185 non
1998 4122 2346 4185 minimum.

804 4222 880 4284 In
917 4239 1121 4326 super
1149 4221 1319 4288 hanc
1360 4241 1615 4289 sacram
1659 4227 2004 4292 ecclesiam
2021 4229 2345 4290 Dominus
2391 4225 2541 4290 olim
2585 4225 2802 4306 multis
2823 4225 2982 4288 illu-

635 4327 877 4390 stravit
919 4325 1255 4419 prodigiis,
1300 4347 1566 4418 quorum
1609 4330 1770 4400 illud
1812 4331 1933 4398 ruit
1984 4333 2403 4397 manifestum
2424 4377 2461 4428 ,
2491 4327 2667 4416 quod
2716 4349 2979 4413 semper

631 4413 950 4539 sabbatho
991 4441 1221 4499 sancto
1281 4436 1568 4517 paschae
1604 4438 1778 4502 omni
1819 4445 2214 4524 congregato
2273 4415 2477 4523 vulgo
2552 4447 2618 4502 et
2677 4437 2979 4502 omnibus
