3242 5259
1606 307 1736 373 m

496 490 859 573 peregrinis
931 479 1229 570 exposuit
1277 486 1382 551 uls
1454 487 1612 570 jura
1658 485 1880 570 templi
1942 492 2008 548 et
2067 483 2504 564 &motiones
2557 484 2643 550 ad
2682 485 2844 550 xm

498 603 742 676 puncta
783 593 1134 657 restrinxit.

665 697 874 779 (no
893 698 1001 780 A)
1058 695 1275 761 Primo
1319 698 1686 779 praecepit,
1729 705 1803 761 nt
1847 694 2116 779 quilibet
2161 696 2546 779 peregrinus
2605 706 2848 774 emeret

497 821 752 868 cereum
769 848 789 884 ‚
834 821 1026 885 quem
1065 818 1421 867 accensum
1462 810 1749 881 portaret
1797 803 1868 866 in
1908 801 2353 884 processione.
2435 803 2851 866 Intraverunt

497 908 669 972 enim
707 906 897 970 multi
929 916 1321 972 mercatores
1362 906 1724 990 nobiscum,
1754 907 1867 991 qui
1909 922 2138 971 cereos
2179 914 2247 968 et
2287 904 2414 970 alia
2453 905 2543 971 ibi
2585 906 2849 970 venalia

499 1012 851 1079 habebant.

664 1119 726 1180 2.
772 1116 1174 1182 Hortabatur
1234 1092 1623 1199 peregrinos
1637 1159 1659 1198 ,
1715 1113 1887 1199 quod
1943 1119 2015 1179 in
2071 1115 2490 1199 processione
2552 1115 2846 1180 ordinate

499 1220 959 1305 procederent,
1019 1231 1086 1283 et
1136 1240 1221 1283 ne
1262 1237 1442 1285 unus
1507 1220 1783 1284 alterum
1849 1221 2227 1285 molestaret
2268 1230 2337 1284 et
2376 1222 2850 1307 comprimeret,

468 1336 572 1413 nut
611 1327 805 1391 etiam
865 1326 1107 1390 dictum
1168 1333 1277 1388 est
1316 1327 1384 1389 in
1427 1326 1575 1389 vn.
1623 1327 1896 1391 articulo
1954 1327 2028 1392 iu
2079 1325 2327 1407 Rama3
2389 1326 2509 1389 sed
2563 1329 2721 1409 quia
2780 1331 2849 1391 in

476 1422 612 1495 ¹illa
645 1431 781 1514 jam
822 1430 1041 1495 flenda
1082 1431 1505 1513 prooessione
1547 1430 1752 1513 major
1793 1434 1898 1496 vis
1940 1440 2067 1515 est,
2111 1439 2179 1495 et
2219 1433 2650 1515 compressio:
2699 1433 2850 1498 ideo

496 1538 606 1602 hic
648 1556 796 1600 eum
837 1536 1095 1621 repetiit
1138 1544 1206 1599 et
1245 1536 1467 1619 plures
1519 1537 1683 1600 alios
1729 1532 1821 1600 ibi
1864 1536 2093 1601 dictos.
2300 1594 2305 1601 .

664 1642 728 1707 3.
775 1640 969 1721 Quod
1018 1641 1195 1705 illam
1256 1650 1513 1705 noctem
1566 1641 1712 1705 Deo
1762 1641 2024 1726 darent,
2080 1650 2153 1704 et
2199 1640 2530 1706 matutinis
2590 1651 2659 1707 ot
2701 1643 2849 1708 aliis

501 1745 742 1810 divinis
781 1744 1038 1810 Officiis
1058 1746 1447 1808 interessent
1489 1748 1635 1810 sine
1677 1749 2095 1831 negligentia.

664 1854 724 1913 4.
771 1848 963 1927 Quod
1005 1869 1135 1912 non
1182 1850 1470 1913 facerent
1523 1851 1780 1915 domum
1846 1851 2159 1916 orationis
2221 1848 2479 1914 domum
2544 1854 2850 1934 negotia-2

501 1950 733 2035 tionis,
777 1962 843 2017 et
884 1972 1016 2017 non
1058 1971 1205 2017 cum
1253 1958 1718 2021 mercatoribus
1760 1958 2180 2022 orientalibus
2222 1957 2610 2022 Christianis
2649 1957 2852 2021 sede-

507 2067 683 2136 rent,
731 2072 792 2120 et
840 2067 1092 2140 tempus
1137 2061 1527 2124 amitterent.
2378 2109 2383 2116 ·

671 2164 731 2224 5.
780 2164 1063 2248 Rogm‘it
1106 2165 1519 2247 sacerdotes,
1563 2164 1738 2248 quod
1779 2167 1924 2229 sine
1958 2165 2176 2249 jurgio
2221 2164 2304 2227 ad
2341 2165 2846 2230 celebrationem

507 2268 860 2331 Missurum
928 2268 1373 2348 procederent.
1461 2266 1692 2334 Solent
1748 2273 1941 2335 enim·
1983 2279 2362 2334 concertare
2425 2269 2508 2333 de
2548 2270 2713 2334 locis
2778 2281 2850 2335 et

511 2392 735 2436 amnes
776 2372 1000 2436 velunt
1043 2375 1112 2437 in
1139 2384 1380 2439 sancto
1423 2376 1687 2440 Domini
1728 2376 2074 2462 sepulchro
2115 2376 2479 2440 oelebrare:
2524 2375 2699 2459 quod
2740 2385 2850 2439 est

511 2476 912 2560 impossihile
956 2499 1068 2560 prs
1112 2498 1243 2543 una
1283 2479 1405 2543 die.
2471 2560 2477 2567 ,

673 2581 736 2644 6.
781 2579 1122 2648 ordinavit
1163 2595 1438 2670 quatuor
1481 2585 1711 2648 altaria
1767 2603 1883 2668 pro
1926 2584 2436 2659 celebrantibus:
2482 2585 2735 2654 scilicet
2777 2587 2848 2653 in

508 2687 851 2770 sepulchro
894 2698 1123 2753 sancto
1164 2708 1396 2773 unum3
1464 2691 1636 2756 aliud
1677 2694 1747 2753 in
1789 2700 2006 2753 monte
2048 2688 2426 2772 calvariae3
2482 2699 2551 2753 et
2591 2691 2657 2753 in
2699 2691 2848 2756 loco

508 2793 902 2857 inunctionis
947 2793 1229 2879 Christi,
1275 2795 1357 2859 de
1395 2816 1522 2880 quo
1565 2815 1764 2879 supra
1797 2792 1963 2860 dixi=
2035 2804 2103 2857 et
2141 2802 2439 2877 quartum
2483 2794 2552 2858 in
2595 2795 2851 2878 capella

507 2895 572 2964 b.
612 2897 910 2981 Virginis
964 2900 1235 2963 Mariae.
1324 2900 1499 2965 Sunt
1551 2911 1769 2964 tamen
1824 2899 2030 2964 multa
2089 2899 2320 2962 altaria
2356 2900 2427 2961 iu
2468 2898 2617 2962 aliis
2680 2900 2844 2964 locis

507 3018 624 3082 per
664 3003 1002 3084 templum,
1045 3003 1167 3066 sed
1216 3014 1373 3068 sunt
1412 3005 1986 3071 schismaticorum
2029 3011 2097 3066 et
2136 3004 2649 3090 Ham-eticorum,
2695 3004 2845 3070 ideo

506 3122 638 3167 non
688 3105 1162 3171 celebravimus
1203 3109 1273 3170 in
1316 3110 1430 3172 eis.

674 3207 733 3268 ¹7.
778 3209 1119 3293 Praecepit
1162 3213 1457 3276 omuibus
1483 3213 1865 3295 peregrinis,
1899 3219 1976 3276 ut
2012 3229 2094 3275 se
2133 3229 2282 3275 cum
2323 3213 2842 3281 confessionibus

509 3309 934 3392 disponerent
976 3322 1043 3376 et
1083 3315 1204 3377 sub
1228 3313 1468 3380 Officio
1513 3317 2063 3380 communicarent
2104 3315 2364 3400 singuli.

666 3417 728 3479 8.
772 3415 969 3482 Dedit
1010 3421 1461 3484 auctoritatem
1504 3422 1828 3485 omnibus
1853 3418 2301 3485 sacerdotibus
2356 3424 2721 3506 peregrinis
2775 3435 2843 3487 et

499 3519 643 3583 suis
685 3519 1009 3606 fratribus,
1054 3526 1166 3608 qui
1207 3526 1540 3589 uobiscum
1586 3526 1846 3593 fuerant
1888 3526 2232 3590 ecclesiam
2276 3528 2580 3611 ingressi,
2624 3531 2842 3593 active

505 3632 573 3686 et
614 3626 883 3707 passive
945 3629 1251 3693 audiendi
1307 3632 1792 3716 confessiones,
1860 3638 1930 3697 ct
1992 3631 2374 3697 absolvendi
2415 3635 2497 3694 ab
2542 3636 2840 3700 omnibus

506 3729 699 3792 etiam
726 3729 869 3793 sedi
914 3736 1303 3803 reservatist
1360 3737 1531 3800 hanc
1566 3737 1738 3800 enim
1779 3744 2170 3820 potestatem
2196 3735 2560 3805 Gardianus
2603 3739 2845 3804 montis

345 3889 356 3901 .
394 3882 429 3899 ,.
501 3832 693 3918 Syon
732 3836 929 3900 habet
971 3857 1011 3901 a
1050 3839 1249 3921 Papa.

664 3939 732 4006 9.
788 3939 1141 4026 Prohibuit,
1212 3942 1383 4026 quod
1442 3945 1658 4010 nullus
1699 3945 2012 4011 sacerdos
2066 3944 2351 4031 aliquem
2423 3946 2834 4029 peregrinum

497 4044 998 4108 communicaret
1051 4049 1507 4112 eucharistiam
1576 4050 1968 4131 praestando
2023 4054 2093 4113 in
2149 4050 2292 4114 loco
2335 4066 2500 4114 suae
2550 4052 2802 4116 Missae
2819 4073 2845 4113 :.

500 4147 619 4215 sed
658 4165 882 4214 omnes
924 4150 1045 4212 sub
1089 4153 1596 4223 summe-Officio
1641 4155 1709 4214 in
1752 4163 1972 4217 monte
1995 4153 2339 4220 calvariae
2379 4156 2462 4219 ab
2505 4155 2836 4225 officiante
2877 4165 2883 4172 ·

479 4253 970 4339 'sacramentum
1013 4257 1419 4341 acciperent,
1462 4259 1588 4322 nisi
1634 4257 1830 4322 alicui
1871 4258 2047 4323 aliud
2089 4257 2476 4342 indulgeret.
