3242 5259
392 560 633 625 habere
673 566 928 642 posset,
972 556 1143 642 quod
1182 575 1311 621 non
1367 557 1786 624 scinderetur
1825 563 1895 625 ln
1937 560 2081 625 loco
2096 606 2117 647 ,
2173 562 2283 625 ubi
2335 560 2544 625 oculis
2603 563 2747 625 suis

389 665 571 730 videt
614 665 891 728 scissam
948 671 1197 747 petram
1253 663 1724 731 durissimam?
1792 665 1961 745 Quis
2015 667 2106 730 ibi
2169 685 2298 730 nou
2355 666 2551 729 etiam
2614 666 2748 729 alto

391 773 635 856 gemitu
677 771 893 852 fleret,
961 769 1070 832 ubi
1110 768 1414 832 Christus
1461 770 1643 834 Deus
1699 781 1923 835 noster
1994 774 2060 835 in
2128 789 2325 835 cruce
2382 787 2748 855 suspensus

392 877 525 939 alta
567 884 634 937 et
677 892 914 957 magna
956 893 1122 939 voce
1167 877 1408 938 emissa
1449 875 1757 939 clamavit
1782 919 1806 959 ,
1871 879 2085 941 oravit
2147 879 2339 942 etiam
2407 897 2523 960 pro
2588 896 2742 940 cru-

392 980 762 1044 cifixoribus
787 1024 806 1058 ‚
909 980 1140 1043 latroni
1250 980 1621 1063 paradisum
1707 985 2001 1065 promisit
2030 1028 2051 1066 ,
2165 991 2433 1047 matrem
2525 1000 2747 1046 moes-

392 1086 707 1150 tissimam
769 1084 1055 1148 Johanni
1113 1085 1624 1168 commendavit,
1692 1086 1844 1151 felle
1917 1097 1985 1150 et
2038 1097 2226 1153 aceto
2283 1094 2545 1172 potatus
2603 1088 2748 1170 fuit,

391 1193 606 1256 omnia
666 1192 755 1254 ibi
817 1199 1267 1253 consummata
1331 1209 1489 1254 esse
1531 1191 1727 1274 dixit,
1795 1195 2092 1277 spiritum
2159 1195 2227 1256 in
2269 1210 2501 1256 manus
2542 1194 2746 1274 patris

391 1296 884 1378 commendavit,
928 1304 991 1357 et
1037 1298 1440 1377 exspiravit3
1483 1295 1656 1358 latus
1721 1297 1864 1379 ejus
1929 1299 2114 1363 miles
2182 1300 2411 1361 lancea
2475 1298 2747 1380 aperuit,

391 1405 778 1486 sanguinem
818 1409 886 1463 et
928 1418 1167 1483 aquam
1210 1400 1297 1462 ibi
1343 1398 1528 1469 fudit.
1624 1403 1838 1485 Ecce,
1906 1406 2248 1487 peregrine
2318 1402 2581 1484 devote,
2637 1402 2745 1464 hic

390 1507 559 1572 Abel
599 1507 856 1571 occisus
900 1527 937 1568 a
981 1505 1201 1587 fratre,
1245 1506 1434 1568 Isaac
1492 1505 1737 1588 ligatus
1781 1524 1821 1568 a
1880 1517 2102 1591 patre,
2163 1524 2436 1591 serpens
2497 1524 2742 1570 aeneus

388 1629 745 1695 suspensus
788 1632 829 1675 a
869 1612 1128 1696 Moyse,
1170 1628 1380 1694 agnus
1423 1609 1753 1694 paschalis
1795 1613 2164 1675 immolatus
2206 1614 2272 1675 in
2321 1612 2506 1696 lege,
2549 1615 2738 1676 Deus

387 1719 645 1780 occisus
681 1717 761 1779 ab
805 1717 1095 1799 homine,
1160 1716 1363 1779 Jcsus
1406 1717 1757 1779 crucifixus
1805 1738 2039 1800 carne,
2104 1738 2218 1780 rex
2263 1726 2414 1779 tuus
2456 1733 2742 1799 suspen-

388 1839 503 1885 sus
554 1840 776 1906 cruce,
820 1821 1135 1885 Dominus
1177 1830 1328 1883 tuus
1378 1823 1846 1886 condemnatus
1900 1832 2141 1904 morte,
2188 1823 2366 1885 mitis
2415 1830 2478 1884 et
2524 1821 2739 1884 humi-

387 1927 467 1990 lis
510 1938 578 1991 et
621 1930 933 1991 innocens
1000 1926 1309 2009 perfusus
1367 1944 1630 2008 cruore,
1675 1927 1986 1990 sacerdos
2053 1936 2118 1989 et
2191 1927 2410 1989 hostia
2457 1924 2738 1989 offerens

382 2050 551 2095 sese.
597 2033 782 2096 Haec
814 2040 877 2095 et
920 2031 1021 2094 his
1063 2033 1299 2095 similia
1333 2033 1399 2093 in
1424 2033 1548 2094 hoc
1573 2030 1905 2095 tremendo
1949 2032 2092 2095 loco
2127 2030 2736 2116 contemplabamur,

386 2144 451 2199 et
494 2136 733 2200 diutius
774 2137 839 2199 in
880 2137 1168 2199 oratione
1196 2139 1500 2221 prostrati
1537 2138 1908 2201 mansimus.
1954 2137 2170 2200 Finita
2195 2144 2410 2200 autem
2450 2138 2738 2201 oratione

314 2241 337 2258 ⁸
386 2260 554 2306 unus
597 2248 747 2325 post
789 2242 984 2304 alium
1032 2242 1112 2305 ad
1153 2251 1413 2324 petram
1453 2253 1788 2327 sanctam,
1855 2263 2023 2325 quae
2077 2242 2481 2324 prominebat
2539 2258 2737 2324 supra

387 2347 868 2411 fundamentum
894 2392 915 2430 ,
959 2350 1266 2431 accessit,
1312 2357 1379 2411 et
1421 2347 1502 2410 ad
1550 2349 1839 2412 foramen
1883 2347 2094 2409 crucis
2135 2364 2211 2408 se
2243 2345 2508 2430 quilibet
2545 2344 2736 2428 juxta

385 2453 510 2516 loci
567 2451 714 2536 (B)
784 2453 1273 2536 dispositionem
1354 2455 1582 2536 traxit,
1639 2462 1704 2516 et
1771 2453 1982 2516 locum
2052 2453 2263 2534 ipsum
2310 2452 2547 2514 eximia
2586 2471 2731 2514 cum

384 2555 732 2620 devotione
774 2556 1268 2620 deosculabatur
1306 2567 1370 2622 et
1416 2559 1672 2640 faciem,
1716 2557 1986 2639 oculos,
2050 2573 2126 2618 os
2195 2556 2469 2638 quilibet
2537 2575 2732 2641 super

384 2665 595 2726 crucis
637 2663 925 2725 foramen
967 2663 1201 2746 posuit,
1246 2663 1328 2726 de
1371 2683 1497 2748 quo
1544 2667 1842 2726 nimirum
1885 2661 2205 2725 foramine
2250 2660 2459 2724 dulcis
2502 2661 2730 2725 admo-

386 2767 532 2830 dum
578 2770 781 2850 spirat
823 2768 980 2831 odor
1024 2769 1375 2850 sensibilis,
1418 2770 1528 2853 qui
1556 2767 2062 2853 perceptibiliter
2089 2766 2409 2829 hominem
2458 2776 2723 2829 recreat.

385 2873 746 2955 Brachium,
791 2874 985 2936 etiam
1031 2891 1263 2937 manus
1313 2876 1380 2937 iu
1424 2876 1635 2958 ipsum
1689 2875 1973 2937 foramen
2032 2873 2328 2934 misimus
2372 2890 2582 2953 usque
2642 2869 2728 2935 ad

384 2995 571 3039 suum
619 2977 917 3041 fundum.
1003 2980 1087 3041 Et
1130 2996 1277 3042 cum
1333 2979 1438 3042 his
1494 2978 1930 3063 indulgentias
1995 2977 2162 3060 (ἢ)
2221 2976 2550 3061 plenariae
2615 2996 2728 3040 re-

383 3083 710 3145 missionis
747 3084 1135 3166 accepimus.

548 3187 745 3251 Porro
778 3189 848 3251 in
892 3188 1101 3252 latere
1141 3189 1412 3255 sinistro
1456 3190 1792 3254 foraminis
1836 3195 1937 3252 est
1981 3190 2048 3250 in
2093 3187 2237 3271 ipsa
2297 3195 2483 3271 petra
2523 3205 2726 3270 gran-

381 3290 484 3353 dis
528 3294 835 3376 scissura,
882 3311 924 3355 a
963 3312 1213 3357 summo
1257 3313 1467 3380 usque
1517 3294 1841 3377 deorsum,
1887 3311 2056 3377 quae
2097 3295 2164 3356 in
2211 3291 2453 3357 Christi
2497 3293 2725 3375 exspi-

381 3397 627 3460 ratione
669 3398 844 3460 i'acta
881 3399 1185 3463 creditur,
1266 3400 1376 3463 Ad
1418 3401 1593 3464 illam
1638 3401 1994 3464 scissuram
2060 3401 2255 3460 etiam
2321 3401 2723 3463 accessimus

380 3522 546 3566 unus
589 3515 738 3587 post
779 3504 995 3587 alium,
1048 3514 1113 3567 ct
1154 3506 1365 3589 ipsam
1409 3504 1766 3568 deosculati
1810 3521 2057 3586 sumus,
2102 3503 2318 3585 capita
2380 3511 2601 3566 nostra
2660 3502 2721 3565 ei

380 3605 782 3688 imponentes
827 3610 1036 3691 magis
1082 3617 1152 3672 ot
1216 3627 1489 3692 corpus,
1565 3626 1871 3693 quantum
1947 3612 2075 3668 lit-ri
2151 3612 2368 3688 poluit„
2456 3612 2720 3688 [ni-,enpus-

380 3710 460 3772 αὖ
504 3717 780 3794 utroque
821 3713 1025 3777 latere
1070 3717 1280 3776 saneti
1327 3715 1655 3777 foraminis
1703 3728 1843 3776 snm
1899 3716 2023 3772 alia
2071 3716 2195 3772 tltffl
2247 3716 2596 3792 foramina,
2656 3712 2716 3772 itt

379 3817 612 3899 quibus
658 3817 924 3881 duorum
958 3818 1274 3883 latronum
1319 3836 1551 3882 cruces
1595 3820 1847 3881 fuerunt
1911 3820 2284 3900 hup-:mitam
2356 3822 2464 3896 qui
2504 3820 2716 3880 crnci-

377 3921 490 3985 fixi
536 3922 797 3986 fuerunt
852 3941 1000 3988 oum
1057 3927 1252 4008 Iesu,
1309 3925 1561 4008 Dysme
1614 3936 1679 3986 et
1743 3924 2027 3988 [imum-‚2
2095 3924 2207 3984 aad
2256 3924 2364 3984 illa
2412 3924 2716 3984 foramina

374 4025 585 4090 videri
630 4046 759 4092 non
798 4039 1092 4113 possunt,
1136 4033 1290 4115 qui·
1342 4049 1541 4115 snper
1582 4050 1663 4093 ea
1707 4044 1879 4092 stunt
1927 4032 2296 4108 minimum,
2356 4048 2480 4088 nnn
2528 4028 2716 4104 ullae,

374 4133 443 4194 in
483 4152 753 4218 quarum
796 4136 1123 4219 capitibus
1169 4146 1317 4200 sunt
1363 4139 1557 4201 ferrei
1608 4140 1799 4208 elavi,
1847 4140 1923 4196 ful
1991 4156 2155 4216 qums
2211 4140 2380 4196 cerni
2452 4140 2512 4196 el
2556 4152 2720 4196 ean-

376 4234 563 4301 dslae
597 4238 973 4326 affiguntur,
1013 4252 1084 4305 et
1133 4251 1288 4305 sunt
1328 4246 1503 4307 istae
1571 4244 1995 4305 colun-:nullan
2063 4244 2248 4324 quusi
2308 4236 2712 4300 candelabra*

373 4341 591 4426 Ipsam
634 4356 848 4410 tamen
892 4346 1252 4412 columnam
1297 4348 1588 4414 dextram
1634 4348 1987 4412 dnuszzulati
2035 4364 2280 4412 sumna*
2388 4344 2475 4404 Ut·
2536 4348 2712 4424 {unffi

377 4464 596 4535 supra,
639 4452 747 4516 fol.
798 4450 904 4515 67.
949 4452 1032 4514 A.
