3242 5259
396 516 771 582 fortalitium
790 517 1150 612 pulclmnn,
1190 530 1391 597 supra
1408 520 1821 598 praeruptam
1850 522 2120 602 petram,
2162 522 2231 578 et
2251 533 2373 597 per
2410 513 2745 600 circuitum

395 623 541 706 ejus
599 622 899 704 fossata,
955 638 1126 705 quae
1181 618 1333 694 olim
1392 601 1715 700 profunda
1769 617 2142 682 naturaliter
2196 628 2381 682 eraut
2434 637 2521 686 ex
2586 633 2663 682 se
2704 638 2747 684 a

395 738 600 812 parte,
645 745 775 811 qua
818 743 1005 792 mons
1047 724 1231 807 Syon
1267 721 1564 806 jungitur
1604 724 1894 790 civitati:
1939 731 2007 786 et
2053 723 2258 786 Mello
2302 723 2390 785 ibi
2437 733 2593 790 erat.
2678 723 2743 786 A

395 841 582 915 parte
628 840 844 895 autem
865 825 1133 896 australi
1149 823 1345 894 hodie
1378 827 1700 911 profunda
1728 825 1903 890 valle
1938 828 2254 890 munitur:
2300 828 2499 891 habet
2531 837 2743 894 autem

398 937 526 1001 hoc
565 944 850 1000 castrum
893 950 1111 1000 muros
1145 932 1314 995 altos
1381 940 1448 994 et
1505 939 1725 996 turres
1782 930 2018 996 multas
2081 943 2150 996 et
2200 941 2433 998 vectes
2475 934 2741 998 ferreos.

395 1041 624 1106 Totum
667 1050 948 1104 castrum
991 1034 1271 1122 quadam
1313 1034 1441 1099 alia
1480 1037 1631 1100 vice
1672 1033 1809 1100 vidi
1848 1041 1931 1100 ab
1985 1039 2181 1102 intus.
2236 1037 2550 1100 Stetimus
2589 1055 2743 1121 ergo

393 1153 458 1207 et
500 1163 716 1209 arcem
746 1142 986 1224 David,
1031 1141 1114 1205 de
1153 1157 1286 1225 qua
1323 1142 1566 1205 totiens
1607 1140 1945 1227 Scriptura
1986 1144 2375 1206 mentionem
2420 1144 2595 1224 facit,
2639 1145 2745 1204 in-

391 1252 748 1332 speximus,
789 1258 856 1312 et
896 1245 1129 1311 Mello:
1177 1254 1243 1310 et
1283 1245 1517 1310 faciem
1568 1249 1900 1332 antiquam
1945 1247 2298 1312 Ierusalem
2334 1247 2423 1310 ibi
2448 1256 2746 1311 contem-

398 1354 558 1437 plati
598 1372 867 1420 sumus:
913 1369 1084 1438 quae
1122 1359 1342 1414 tamen
1384 1351 1843 1436 frequentibus
1879 1353 2436 1417 devastationibus
2480 1359 2582 1414 est
2625 1350 2745 1414 de-

391 1467 668 1543 turpata,
687 1459 897 1526 valles
937 1455 1295 1541 profundae
1325 1457 1664 1520 'ruinarum
1684 1459 1948 1524 casibus
1984 1459 2229 1524 crebris
2248 1466 2403 1522 sunt
2436 1456 2743 1540 repletae.

390 1565 582 1628 quta
621 1582 834 1626 arcem
877 1558 1092 1625 David
1135 1569 1240 1623 est
1280 1560 1643 1625 descensus
1687 1582 1829 1647 per·
1846 1566 2066 1628 vicum
2104 1563 2367 1649 longum
2404 1564 2471 1625 in
2508 1561 2747 1626 civita-

394 1677 547 1751 tem,
578 1676 648 1732 et
680 1667 764 1731 ad
807 1666 1194 1732 dominicum
1237 1663 1675 1748 sepulchrum.

477 1902 597 1980 De
643 1902 810 1980 loco
829 1956 853 1995 ,
903 1901 977 1978 in
1038 1924 1179 2003 quo
1227 1902 1577 2007 Apostoli
1624 1903 1919 1980 fuerunt
1968 1902 2184 1981 divisi
2231 1903 2322 1981 ab
2371 1903 2677 1982 invicem

1302 2047 1438 2127 per
1482 2023 1839 2101 mundum

561 2206 738 2271 Arce
776 2205 995 2270 David
1042 2214 1390 2291 perspecta
1444 2206 1838 2271 revolvimus
1885 2224 2008 2270 nos
2073 2214 2142 2270 et
2208 2208 2563 2272 avertimus
2624 2222 2746 2274 nos

397 2310 484 2373 ab
523 2311 897 2394 occidente,
940 2318 1008 2373 et
1050 2330 1169 2395 per
1210 2314 1407 2394 viam,
1452 2330 1571 2394 per
1613 2329 1808 2394 quam
1853 2312 2174 2392 venimus,
2216 2313 2470 2375 reversi
2490 2329 2742 2393 sumus,

395 2431 607 2499 usque
655 2414 736 2478 ad
780 2415 1092 2499 angulum
1134 2416 1334 2498 illum,
1372 2415 1566 2497 juxta
1602 2433 1793 2499 quem
1836 2414 2027 2478 beata
2047 2413 2259 2497 Virgo
2302 2416 2747 2500 exspectabat,

396 2527 467 2582 ut
509 2519 929 2586 f01.103.A.
978 2519 1219 2582 dictum
1262 2529 1381 2583 est.
1460 2518 1566 2582 Ab
1600 2519 1728 2583 hoc
1766 2518 2004 2602 ang-ulo
2046 2518 2374 2601 paululum
2417 2521 2751 2604 progressi

396 2640 626 2688 sumus
670 2630 898 2685 contra
953 2632 1277 2705 austrum,
1334 2629 1404 2685 et
1447 2622 1532 2686 ad
1588 2622 1799 2687 locum
1862 2623 2202 2705 venimus,
2253 2623 2364 2686 ubi
2427 2626 2579 2687 viae
2631 2641 2752 2707 per

394 2725 653 2789 modum
699 2728 911 2790 crucis
950 2745 1029 2790 se
1070 2730 1482 2811 intersecant,
1525 2730 1622 2791 ita
1663 2726 1838 2812 quod
1875 2727 2066 2791 homo
2128 2728 2199 2790 in
2262 2725 2473 2791 medio
2515 2728 2751 2812 crucis,

396 2848 589 2915 quam
627 2832 779 2894 viae
816 2832 1082 2915 faciunt,
1123 2840 1309 2895 stans
1350 2841 1568 2916 potest
1628 2834 1727 2897 ire
1767 2839 1997 2897 contra
2037 2833 2350 2896 orientem
2412 2842 2525 2896 aut
2565 2833 2753 2912 occi-

397 2935 656 2999 dentem
671 2957 689 3018 3
732 2945 958 3000 contra
999 2935 1368 3020 meridiem,
1431 2947 1545 3002 aut
1608 2938 1996 3021 aquilonem.
2102 2940 2194 3000 Et
2249 2937 2340 3000 ibi
2409 2946 2515 3001 est
2563 2935 2749 3001 locus

397 3039 739 3105 divisionis
774 3039 1253 3124 Apostolorum,
1339 3040 1511 3103 Nam
1553 3042 1623 3106 in
1650 3042 2025 3106 ‘coenaculo
2068 3041 2254 3125 Syon
2312 3050 2752 3107 tractaverant

394 3163 541 3210 cum
585 3145 776 3209 beata
817 3146 1098 3230 Virgine
1151 3144 1237 3208 de
1292 3163 1514 3210 eorum
1569 3165 1691 3230 per
1746 3146 2055 3211 mundum
2113 3145 2437 3211 divisione
2448 3149 2477 3231 ‚'
2523 3156 2599 3210 ut
2654 3148 2755 3211 eis

394 3259 813 3334 praeceptum
856 3250 1002 3332 fuit,
1040 3249 1248 3314 Marci
1288 3250 1531 3315 ultimo.
1575 3254 1667 3315 Et
1709 3261 1862 3336 post
1902 3251 2187 3338 Spiritus
2220 3251 2450 3316 Sancti
2490 3252 2756 3316 missio-

395 3374 544 3419 nem
582 3353 746 3436 (Β),
786 3373 933 3420 cum
965 3354 1101 3438 jam
1145 3375 1263 3439 per
1303 3354 1626 3419 Judaeam
1664 3357 2155 3440 praedicassent
2210 3365 2277 3421 et
2331 3356 2534 3441 aliqui
2599 3358 2754 3420 anni

398 3462 603 3546 elapsi
625 3461 925 3543 fuissent,
969 3459 1416 3544 compulsique
1465 3463 2030 3544 persecutionibus
2050 3464 2455 3545 Iudaeorum,
2478 3462 2583 3528 die
2598 3458 2751 3523 XV.

398 3566 578 3650 Iulii,
613 3566 809 3651 jussu
850 3565 1083 3628 beatae
1123 3562 1422 3647 Virginis
1462 3582 1540 3629 se
1577 3564 1663 3629 ad
1705 3585 2039 3632 recessum
2074 3567 2555 3651 disposuerunt,
2594 3561 2753 3628 nibil

399 3672 576 3736 aliud
622 3689 846 3735 secum
890 3669 1197 3752 ferentes,
1240 3669 1369 3732 nisi
1424 3669 1735 3735 articulos
1770 3671 1964 3753 fidei,
2011 3689 2179 3756 quos
2239 3673 2387 3735 ΧΠ.
2452 3666 2754 3755 Apostoli

395 3783 891 3862 composuerant
931 3775 1001 3836 in
1038 3773 1243 3856 primo
1270 3773 1565 3858 concilio,
1587 3774 1765 3860 quod
1799 3775 2196 3841 celebratum
2216 3796 2336 3861 per
2381 3793 2497 3840 eos
2539 3775 2754 3839 fuerat

394 3883 462 3946 in
511 3890 730 3946 monte
772 3877 976 3961 Syon.
1023 3874 1191 3941 Cum
1235 3886 1451 3942 autem
1484 3878 1622 3962 jam
1667 3880 1827 3946 hora
1862 3897 2171 3945 recessus
2211 3900 2432 3947 eorum
2462 3882 2754 3962 instaret,

398 4005 548 4050 cum
589 4002 828 4068 magna
856 3982 1226 4046 reverentia
1265 3983 1599 4064 provoluti
1642 3984 1728 4049 ad
1768 3984 1977 4071 pedes
2025 3986 2448 4051 beatissimae
2505 3986 2756 4052 Mariae

397 4091 694 4175 Virginis
737 4088 1259 4154 benedictionem
1328 4098 1396 4153 et
1444 4089 1769 4154 licentiam
1836 4091 1919 4155 ab
1963 4110 2043 4155 ea
2083 4091 2536 4176 postulabant,
2589 4107 2757 4180 quos

399 4195 614 4279 Virgo
655 4195 924 4279 levavit,
987 4204 1053 4258 et
1092 4194 1433 4278 complexa
1471 4196 1769 4280 singulos
1811 4197 2163 4281 benedixit,
2216 4214 2362 4262 cum
2406 4193 2758 4279 lachrymis

400 4299 634 4365 flentes
660 4298 897 4398 dimisit
919 4301 1033 4365 ire.
1078 4297 1207 4378 Qui
1244 4318 1472 4365 omnes
1508 4300 1701 4366 simul
1742 4300 1825 4366 de
1871 4302 2222 4368 coenaculo
2260 4301 2511 4385 egressi
2552 4281 2762 4382 usque

403 4404 489 4470 ad
528 4404 702 4469 illam
745 4405 919 4470 viam
958 4408 1029 4470 in
1074 4423 1272 4471 cruce
1320 4424 1579 4472 crucem
1635 4406 2069 4491 praedicaturi
2131 4414 2451 4473 steterunt
2465 4449 2488 4489 ‚
2549 4413 2615 4470 et
2669 4404 2757 4467 ibi

3112 86 3120 98 .

3198 491 3206 692 ᾼᾈ-ῌᾹ
3184 8 3206 426 &Qu-ll
