3242 5259
1474 292 1606 365 07

358 474 733 543 devotionis
809 475 1052 569 affectu
1123 476 1317 542 merit
1376 476 1719 560 continue,
1784 476 1870 541 ad
1926 494 2119 561 quem
2182 477 2388 565 aliqui
2441 483 2705 551 maximi

356 582 588 647 Sancti
629 582 861 666 raptim
901 592 970 645 et
1000 583 1084 647 ad
1123 590 1518 647 momentum
1562 583 1873 666 temporis
1902 582 2236 647 rarissime
2262 582 2706 659 admittuntur.

359 690 665 774 Insuper,
703 696 782 752 ut
809 686 984 756 ,dicit
1025 687 1372 770 Alb'ertus,
1446 686 1719 752 cottidie
1760 689 2259 753 communicavit
2300 701 2705 757 sacramento

359 794 823 872 euehat-inias,
880 793 1056 857 sicut
1116 794 1294 876 pa'tet
1356 792 1467 857 i'ol.
1516 790 1659 858 1⁰⁷.
1705 792 1790 855 A.
1875 793 1953 855 In
1995 810 2127 876 que
2183 801 2426 858 tantam
2464 799 2705 862 mentia

359 897 751 965 caliditatem
792 899 1066 982 aoeepit,
1108 905 1185 962 ut
1226 898 1377 962 visa
1417 897 1529 965 vel
1558 896 1781 963 audita
1825 914 1969 961 eam
2012 914 2423 982 nequaquam
2461 900 2706 967 distra-

361 1006 522 1070 here
560 1011 854 1088 possent.
899 1003 1197 1087 Singulis
1239 1005 1414 1066 enim
1458 1001 1709 1085 diebus,
1741 1010 2083 1085 autequam
2123 1005 2706 1087 peregrinationem

359 1109 860 1193 aggrederetur,
900 1109 1178 1172 Missam
1238 1106 1521 1190 audivit,
1574 1115 1642 1170 et
1703 1108 2177 1171 communicata
2216 1107 2340 1172 fuit
2378 1125 2528 1174 eum
2569 1110 2707 1175 i'er-

281 1198 288 1207 ’
361 1214 748 1279 vetutissima
788 1213 1171 1297 devotione,
1215 1220 1288 1276 et
1327 1214 1395 1277 in
1437 1212 1566 1277 hoc
1602 1210 1862 1276 fervore
1901 1213 2134 1296 spiritu
2174 1213 2525 1299 agebatur,
2570 1215 2699 1282 Dei

367 1321 613 1405 magn,
662 1336 859 1403 qum
903 1319 1181 1402 proprio·

529 1424 634 1487 mx
675 1422 803 1487 aiio
847 1423 1111 1487 videtur
1187 1419 1362 1507 qnod
1402 1421 1784 1513 bytissima
1820 1421 2029 1506 Virgo
2068 1423 2281 1489 Maria
2312 1444 2442 1491 non
2483 1424 2708 1490 debuit

362 1528 628 1595 cottidie
671 1530 742 1591 in
780 1528 1108 1611 publicum
1147 1526 1547 1612 procedere,
1589 1545 1677 1589 ne
1712 1527 1819 1589 cui
1880 1536 2060 1591 esset
2115 1529 2225 1593 vel
2276 1530 2418 1594 fieri
2480 1537 2707 1613 posset

364 1651 606 1699 caussa
642 1632 885 1697 ruinae.
974 1629 1393 1697 Credendum
1436 1632 1607 1696 enim
1654 1638 1776 1714 est,
1821 1632 2033 1714 ipsam
2094 1634 2302 1699 i'uisse
2342 1632 2707 1719 pulcherri-

365 1757 535 1803 mam
592 1736 789 1803 etiam
843 1737 1296 1823 corporaliter,
1347 1756 1500 1817 cum
1550 1736 1675 1829 de„
1697 1755 1778 1801 ea
1819 1734 2110 1820 Spiritus
2164 1746 2438 1804 sanctus
2500 1738 2703 1804 dicat:

368 1853 507 1909 tota
569 1842 843 1927 pulchra
881 1860 1014 1947 es,
1025 1853 1092 1908 et
1132 1843 1388 1907 macula
1423 1844 1490 1906 in
1534 1851 1602 1906 te
1643 1861 1775 1907 non
1818 1852 1943 1927 est,
1976 1858 2109 1908 nec
2129 1847 2461 1909 annositas
2496 1844 2707 1929 ipsam

363 1949 783 2032 deformabat,
821 1955 936 2013 aut
977 1926 1163 2015 fabor
1203 1949 1385 2013 vitae
1403 1947 1767 2059 ,regularia
1868 1947 1980 2012 Ad
2020 1948 2149 2013 hoc
2189 1948 2533 2015 dicendum
2576 1958 2703 2033 est,

357 2053 536 2140 quod
577 2062 886 2138 aspectus
905 2038 1202 2138 Vir'ginis
1238 2054 1560 2118 neminem
1601 2030 2049 2117 scandalizare
2089 2060 2437 2139 potuerat.
2486 2055 2711 2120 Tradit

361 2160 546 2233 enim.
567 2168 835 2225 sanctus
855 2146 1347 2241 Bonaventura,
1387 2158 1514 2253 Ιιψ
1555 2146 1635 2220 s'e
1675 2157 1984 2225 habuisse
2025 2176 2068 2222 a
2100 2158 2497 2225 Judaeorum
2532 2158 2712 2225 fideli

361 2263 754 2348 narratione,
795 2263 969 2347 quod
1011 2263 1231 2331 nullus
1286 2282 1374 2328 ex
1413 2271 1686 2348 aspectu
1726 2263 2051 2347 gloriosae
2086 2262 2379 2347 Virginis
2435 2264 2703 2350 Mariae,

358 2370 665 2455 quamvis
706 2378 884 2434 esset
928 2367 1138 2452 (156
1155 2370 1265 2454 A)
1313 2367 1768 2453 pulcherrima,
1810 2368 2004 2435 nimis
2044 2368 2274 2433 urebat
2300 2377 2415 2435 aut
2445 2370 2705 2437 inflam-

362 2476 657 2539 mabatur
697 2473 783 2538 ad
825 2472 1081 2539 foedam
1124 2475 1340 2543 carnis
1381 2473 2015 2558 concupiscentiam,
2049 2472 2171 2539 sed
2213 2492 2356 2536 eam
2398 2474 2469 2537 in
2516 2472 2701 2559 aspi-

359 2582 581 2645 ciente
621 2581 837 2663 potius
877 2580 1336 2664 exstinguebat
1376 2578 1486 2643 ille
1528 2578 1793 2643 divinus
1830 2584 2158 2664 aspectus,
2198 2579 2389 2665 quasi
2427 2578 2702 2662 frigidus

361 2683 626 2770 quidam
667 2703 753 2747 ex
792 2683 1002 2749 oculis
1044 2703 1153 2750 ros
1194 2685 1532 2783 virgineus
1572 2685 1890 2769 aspiraret
1931 2684 2039 2749 vel
2082 2684 2381 2749 efflueret
2400 2704 2438 2746 a
2478 2694 2698 2747 mente

360 2809 486 2857 sua
523 2789 925 2874 castissima,
1007 2790 1179 2856 sicut
1233 2793 1406 2857 enim
1447 2811 1558 2863 ex,
1583 2790 1864 2855 adverso
1907 2789 1990 2854 de
2031 2789 2395 2874 peccatrice
2456 2804 2536 2851 ac
2577 2804 2703 2871 pe-

364 2897 596 2962 tulanti
635 2895 904 2959 muliere
939 2896 1350 2961 -accendittna
1447 2895 1688 2960 Adhuc
1749 2894 2009 2959 videtur
2027 2938 2051 2977 ‚
2113 2894 2286 2981 quod
2347 2911 2699 2978 processus

361 3000 764 3089 cottidianus
806 3000 1225 3067 beatissimae
1266 3000 1563 3084 Virginis
1603 3000 1857 3065 Mariae
1898 2999 1964 3063 in
2026 3000 2350 3084 publicum
2412 2999 2697 3064 fomitem

362 3106 625 3190 majoris
665 3104 954 3172 invidiae
994 3106 1156 3190 ipsis
1188 3103 1433 3170 invidis
1454 3103 1729 3170 Judaeis
1772 3114 2132 3171 monstrare
2150 3104 2445 3190 potuerit.
2490 3105 2700 3171 Erant

360 3214 534 3277 enim
574 3218 843 3295 propter
873 3208 1098 3275 .filium
1157 3188 1400 3275 inimici
1456 3209 1686 3273 matris
1739 3210 2146 3294 saevissimi,
2210 3218 2282 3275 et
2349 3209 2501 3277 dum
2554 3229 2697 3277 eam

361 3317 661 3383 viderent
683 3336 820 3399 per
845 3310 1176 3381 civitaten
1203 3314 1509 3397 transire,
1539 3315 2030 3381 concitabantur
2063 3314 2228 3381 forte
2248 3314 2698 3399 indignatione

364 3431 432 3487 et
469 3423 586 3486 ira.
629 3420 741 3485 Ad
780 3423 906 3486 boe
917 3419 1309 3523 respondeo
1353 3402 1439 3495 ,ἔκ
1478 3418 1915 3502 ῃιιοοοᾱοιιιί.
1954 3398 2145 3484 Sicut
2184 3421 2355 3485 enim
2388 3428 2699 3501 aspectus

361 3526 509 3611 ejus
543 3528 770 3610 iguem
811 3488 1380 3610 concupiscentiae
1420 3526 1902 3609 exstinguebat,
1944 3524 2085 3589 sic·
2064 3542 2282 3609 ignem
2304 3530 2368 3586 et
2405 3524 2697 3589 flammas

363 3630 672 3715 invidiae,
714 3630 873 3714 irae,
915 3631 1205 3699 rancoris
1241 3631 1602 3715 mitigabat,
1645 3638 1717 3697 et
1756 3629 1967 3694 omnis
2006 3646 2152 3695 eam
2216 3628 2546 3711 aspiciens
2586 3627 2697 3691 tu-

362 3757 572 3803 rorem
616 3735 1017 3805 crudelitatis
1035 3742 1109 3799 et
1148 3734 1657 3820 indignationem
1678 3734 1978 3818 perdidit,
2021 3741 2088 3797 et
2127 3733 2369 3817 pietate
2390 3741 2457 3797 et
2496 3751 2697 3798 reve-

359 3830 571 3909 tentia
611 3842 993 3907 movebatur
1032 3842 1122 3909 in.
1123 3859 1307 3907 -eam,
1349 3839 1541 3911 Unde
1579 3849 1902 3925 tamquam
1943 3846 2195 3924 petens,
2227 3840 2539 3922 vnmosa,
2573 3837 2698 3903 ho-

355 3918 671 4012 norabilis
711 3955 778 4010 et
818 3946 1119 4011 amabilis
1156 3946 1418 4013 domina
1474 3948 1555 4009 ab
1614 3945 1916 4009 omnibus
1986 3947 2438 4009 venerabatur.
2536 3943 2696 4009 Ideo

357 4049 597 4119 dicitur
634 4049 1014 4136 Sapientiae
1049 4053 1188 4119 u„
1232 4053 1335 4116 sic
1376 4053 1445 4117 in
1468 4051 1656 4135 syon
1696 4049 1949 4117 firmata
1978 4067 2126 4117 som
2147 4095 2168 4131 ,
2211 4059 2299 4114 et
2320 4051 2389 4113 in
2432 4049 2699 4115 civitate

361 4156 792 4241 sanctificata,
832 4157 1128 4223 similiter
1167 4156 1461 4242 requievi
1501 4165 1568 4221 et
1609 4158 1678 4219 in
1716 4154 2087 4219 Jerusalem
2129 4162 2421 4238 potestas
2465 4161 2698 4218 meoet

363 4258 651 4327 radicavi
690 4261 759 4325 in
802 4261 1064 4346 popule,
1105 4262 1272 4329 alios
1311 4258 1572 4329 scillcet
1613 4259 1913 4343 affectus,
1954 4260 2099 4344 pias
2130 4260 2525 4327 intentiones
2566 4266 2691 4333 etc.

364 4362 552 4427 Unde
591 4382 738 4431 curn
783 4366 977 4432 etiam
1017 4366 1088 4431 in
1127 4366 1328 4433 filium
1368 4385 1557 4433 suum
1595 4365 2036 4431 dulcissimum
2081 4367 2410 4429 saevirent
2437 4360 2697 4444 Judaei,
