3242 5259
506 487 896 572 saepissime
931 479 1326 550 nominanda
1359 480 1727 548 Jerusalem
1769 480 2063 548 emieuit:
2109 481 2299 565 ouius
2354 488 2605 566 partem
2668 478 2845 545 illsm

505 591 786 658 vidimus
799 636 822 676 ,
880 608 1050 676 quae
1110 590 1313 654 monti
1373 587 1565 672 Syon
1620 606 1881 653 annexa
1940 595 2080 672 est,
2153 596 2221 651 et
2276 588 2492 671 ipsum
2547 595 2849 672 sanctum

505 706 790 762 montem
828 694 1014 779 Syon
1052 694 1335 760 vidimus
1375 712 1525 759 oum
1589 695 1892 760 omnibus
1934 692 2281 758 structuris
2320 692 2465 776 ejus
2506 701 2575 757 et
2604 694 2846 758 ruinis.

503 803 864 885 Praecipue
924 808 1144 865 tamen
1205 818 1428 866 arcem
1488 797 1678 885 Syon
1754 799 2131 864 fortissimis
2174 800 2378 863 muris
2441 807 2507 863 et
2568 798 2850 862 turribus

505 910 820 973 munitum
870 905 1156 971 vidimus
1185 908 1281 969 ita
1310 905 1486 970 claro
1530 914 1829 990 aspectu,
1872 903 2049 988 quod
2085 905 2249 970 muri
2289 904 2648 968 eminentes
2679 904 2853 967 areis

507 1019 578 1078 et
636 1021 849 1077 turres
913 1010 1308 1076 videbantur
1358 1012 1635 1094 cingere
1696 1010 2071 1092 civitatem,
2125 1015 2198 1073 et
2256 1010 2641 1093 peregrinus
2658 1054 2681 1092 ,
2736 1007 2852 1092 qui

505 1115 1038 1201 nunquam·vidit
1089 1115 1479 1200 Jerusalem,
1546 1113 1724 1178 aliud
1797 1113 2146 1177 aestimare
2204 1131 2337 1177 non
2404 1114 2613 1199 potuit
2626 1158 2648 1197 ,
2714 1114 2851 1178 nisi

506 1221 681 1306 quod
727 1220 892 1284 muri
934 1221 1108 1284 areis
1175 1219 1362 1303 Syon
1428 1227 1658 1284 esseut
1720 1220 1885 1282 muri
1944 1218 2351 1302 Jerusalem,
2416 1218 2589 1303 quod
2632 1225 2855 1282 tamen

505 1345 640 1391 non
681 1334 809 1397 est.
891 1324 1062 1390 Cum
1109 1343 1266 1410 ergo
1324 1325 1658 1389 civitatem
1713 1332 2007 1388 sanctam
2058 1323 2195 1407 jam
2249 1323 2362 1387 diu
2421 1321 2853 1387 desideratam

508 1431 715 1497 oeulis
771 1431 1017 1495 nostris
1059 1448 1476 1495 eerneremus
1489 1472 1512 1512 ‚
1576 1436 1847 1512 repente
1888 1427 1971 1491 de
2023 1429 2230 1492 asinis
2291 1427 2644 1492 cecidimus
2695 1445 2856 1510 pro-

508 1537 697 1601 strati
735 1537 804 1599 in
846 1544 1083 1600 terram
1097 1580 1120 1620 ,
1161 1536 1374 1619 ipsam
1414 1541 1713 1598 sanctam
1754 1532 2092 1597 civitatem
2134 1533 2561 1598 devotissime
2600 1531 2856 1596 saluta-

508 1642 760 1725 vimus,
821 1659 1044 1725 regem
1105 1641 1315 1724 ipsius
1353 1638 1703 1702 Dominum
1750 1637 1961 1701 Deum
2013 1639 2219 1722 primo
2284 1637 2634 1702 adorantes
2702 1654 2853 1700 oum

509 1747 753 1813 vexillo
795 1747 1046 1830 erneis,
1092 1753 1162 1809 et
1202 1740 1438 1809 deinde
1473 1743 1579 1808 his
1620 1741 1734 1810 vel
1775 1742 2098 1809 similibus
2139 1742 2363 1808 verbis
2415 1743 2630 1827 ipsam
2677 1741 2853 1806 allo-

510 1859 820 1935 quantes.

679 1953 885 2018 Salve
922 1953 1293 2020 Jerusalem
1357 1953 1593 2019 civitas
1656 1955 1833 2039 regis
1874 1954 2124 2039 magni!
2204 1952 2437 2020 Gloria
2478 1966 2545 2020 et
2606 1972 2849 2020 corona

512 2061 719 2126 totius
771 2057 1027 2144 mundi,
1069 2057 1379 2142 gandium
1419 2068 1487 2123 et
1528 2058 1772 2123 laetitia
1813 2060 2066 2124 animae
2105 2058 2315 2124 fideli!
2361 2058 2419 2123 Ο
2461 2060 2854 2145 Jerusalem,

514 2165 905 2249 Jerusalem,
931 2180 1132 2248 surge
1173 2172 1245 2227 et
1278 2164 1430 2228 leva
1455 2165 1524 2227 in
1540 2164 1814 2228 circuitu
1845 2165 2071 2229 oeulos
2100 2174 2250 2229 tuos
2292 2173 2361 2228 et
2401 2165 2581 2230 vide!
2627 2183 2857 2232 omues

517 2271 629 2335 isti
669 2269 996 2354 peregrini
1036 2270 1417 2354 congregati
1451 2268 1535 2332 de
1574 2270 1903 2333 universis
1944 2277 2015 2334 ot
2040 2270 2287 2334 ultimis
2320 2269 2541 2333 mundi
2566 2270 2858 2354 pertibus

517 2383 841 2439 venerunt
878 2374 998 2439 tibi
1038 2373 1184 2437 filii:
1222 2383 1318 2440 tot
1360 2375 1443 2439 de
1485 2375 1684 2458 louge
1715 2374 1853 2458 jam
1887 2374 2027 2457 jam
2062 2375 2334 2439 veniunt
2374 2382 2448 2436 ut
2483 2375 2858 2440 intueantur

518 2480 930 2565 splendorem
952 2488 1136 2544 tuum
1161 2486 1231 2542 et
1268 2477 1542 2563 gloriam
1555 2481 1821 2545 Domini
1861 2488 2155 2563 superte
2182 2478 2601 2563 singulariter
2627 2487 2857 2562 ortam,

521 2592 614 2647 ut·
654 2587 975 2669 propheta
1034 2583 1411 2669 denunciat,
1489 2585 1670 2669 Esaj.
1726 2585 1831 2650 60.
1896 2602 2045 2669 sqq.
2172 2585 2257 2647 Et
2322 2584 2562 2648 'l'obias
2624 2584 2725 2648 sie
2786 2593 2856 2647 te

525 2687 883 2754 collaudat:
949 2690 1118 2774 luce,
1175 2690 1386 2774 inquit
1396 2729 1423 2767 ,
1488 2688 1831 2773 splendida
1886 2689 2204 2773 fulgebis,
2273 2698 2339 2753 et
2392 2706 2620 2753 omnes
2685 2688 2857 2752 fines

523 2802 736 2860 terrae
771 2795 1137 2860 ‘adorabunt
1178 2804 1265 2878 te,
1308 2795 1606 2858 nationes
1638 2812 1724 2857 ex
1765 2793 2118 2879 longinquo
2153 2795 2444 2878 venient,
2485 2804 2552 2858 et
2592 2812 2863 2859 munera

524 2899 894 2965 deserentes
933 2899 1647 2964 adorabuntDominum
1695 2898 1765 2961 in
1806 2906 1893 2986 te,
1935 2907 2003 2963 et
2042 2907 2278 2963 terram
2318 2906 2496 2962 tuam
2544 2901 2615 2962 in
2656 2916 2860 2963 sane-

524 3004 876 3070 tifloatione
938 3006 1268 3069 habebunt
1359 3013 1483 3068 ete.
1580 3003 1742 3070 Tob.
1812 3003 1912 3069 18.
1987 3017 2133 3088 sqq.
2253 3001 2393 3067 Sed
2452 3014 2520 3068 et
2583 3013 2857 3068 sanetus

522 3108 957 3191 Bernhardus‚
1022 3111 1093 3172 in
1152 3125 1454 3171 sermone
1514 3109 1596 3173 ad
1656 3108 1897 3172 milites
1958 3108 2214 3193 templi,
2278 3109 2860 3192 praeclarissimum

525 3210 698 3275 illam
738 3213 1072 3275 civitatem
1112 3211 1483 3275 Jerusalem
1523 3213 1632 3277 liis
1686 3213 1992 3277 inclamat
2031 3216 2256 3278 verbis
2297 3231 2443 3299 cap.
2485 3215 2548 3277 5.
2636 3213 2860 3298 Salve,

525 3317 764 3400 inquit,
803 3316 1041 3382 civitas
1083 3324 1346 3400 saneta,
1389 3335 1583 3401 qusm
1623 3319 1771 3400 ipse
1810 3318 2252 3392 sanctificavit
2295 3320 2422 3383 sibi
2467 3319 2860 3382 tabernacu-

524 3421 662 3486 lum
711 3439 903 3488 suum
962 3419 1355 3504 altissimus,
1420 3439 1549 3506 quo
1611 3428 1798 3486 tanta
1854 3422 1924 3486 in
1988 3432 2055 3486 te
2108 3432 2175 3487 et
2231 3441 2351 3507 per
2405 3433 2472 3486 te
2522 3424 2859 3507 generatio

523 3526 903 3592 salvaretur.
946 3524 1151 3590 Salve
1192 3526 1429 3589 civitas
1470 3528 1646 3610 regis
1693 3528 1933 3612 magni,
1969 3545 2055 3592 ex
2090 3545 2222 3612 qna
2260 3547 2434 3593 nova
2477 3536 2546 3592 et
2571 3528 2860 3612 jocunda

523 3631 762 3697 mundo
813 3631 1123 3697 miracula
1162 3631 1357 3696 nullis
1418 3632 1814 3716 temporibus
1880 3632 2148 3697 defuere
2204 3634 2284 3696 ab
2339 3634 2547 3697 initio.
2627 3630 2853 3716 Salve,

523 3735 784 3802 domina
856 3739 1177 3822 gentium3
1220 3738 1524 3822 prinoeps
1584 3738 2092 3824 provinciarum3
2148 3737 2653 3822 patriarcharum
2696 3753 2860 3819 pos-

523 3842 765 3925 sessio;
867 3843 1324 3927 prophetarum
1388 3850 1600 3907 mater
1702 3851 1767 3907 et
1843 3842 2308 3927 apostolorum3
2402 3850 2473 3906 et
2541 3839 2859 3905 initiatrix

523 3946 705 4029 fidei3
747 3944 957 4030 gloria
995 3947 1218 4031 populi
1262 3945 1650 4030 Christiani,
1693 3964 1887 4031 qusm
1929 3947 2113 4012 Deus
2163 3964 2423 4031 semper
2462 3966 2504 4011 a
2545 3946 2861 4031 prineipio

523 4068 763 4135 passus
805 4059 909 4114 est
952 4053 1331 4134 oppugnari,
1358 4060 1435 4116 ut
1475 4052 1642 4116 viris
1692 4052 1967 4118 fortibus
2006 4054 2182 4116 siout
2219 4052 2501 4136 virtutis,
2542 4052 2643 4116 sio
2683 4051 2862 4115 sores

371 4147 396 4160 ”“
522 4155 781 4220 oooasio
824 4163 891 4217 et
930 4153 1181 4219 salutis.
1264 4153 1469 4220 Salve
1510 4156 1887 4239 metropolis
1927 4164 2142 4220 terrae
2181 4157 2650 4239 promissionis,
2691 4171 2862 4240 qnae

524 4260 674 4323 olim
717 4261 925 4323 fluens
969 4259 1072 4323 lac
1126 4267 1195 4323 et
1238 4259 1364 4321 mel
1407 4261 1539 4324 tuis
1581 4259 1895 4326 duntaxat
1946 4261 2414 4328 habitatoribus
2480 4280 2655 4328 nune
2709 4259 2861 4325 uni-

522 4382 718 4431 verso
783 4366 923 4429 orbi
987 4362 1269 4428 remedia
1328 4363 1564 4429 salutis
1578 4411 1599 4448 ,
1662 4366 1841 4431 vitae
1895 4367 2173 4450 porrigis
2236 4367 2559 4434 alimenta.
2659 4365 2863 4429 Terra
