3242 5259
1460 292 1545 357 ⁷9

332 479 820 561 recederemus,
878 476 1011 563 legi
1064 478 1133 541 in
1194 475 1382 539 altari
1468 472 1770 541 Officium
1847 482 2125 558 tantum,
2179 479 2356 557 qma
2385 478 2710 561 mgnum.

328 576 583 665 Missae
614 583 909 648 moribus
955 579 1215 663 dempto
1258 596 1537 644 canone:
1581 582 1751 644 sicut
1794 578 1961 643 solet
1989 580 2129 643 fieri
2163 576 2538 671 {suavibus
2571 604 2689 669 per

333 711 526 757 mare.
612 692 699 753 Et
741 690 892 755 illas
930 687 1178 748 Missas
1219 689 1553 750 nominant
1600 686 1851 749 Missas
1895 686 2168 749 torridas
2189 731 2211 771 ,
2255 688 2368 751 vel
2427 691 2688 776 crudas,

333 805 447 858 aut
492 794 707 857 aridas
748 802 861 856 aut
901 780 1169 857 vacuas
1189 791 1273 854 de
1304 792 1541 877 quibus
1570 790 1724 855 vide
1770 790 1879 871 fol.
1924 791 2025 855 49.
2063 792 2153 855 A.
2204 794 2278 855 B.
2322 792 2482 857 Post
2502 797 2681 863 illam

336 902 695 965 orationem
731 902 967 961 iterum
1006 898 1177 961 verti
1219 897 1302 961 ad
1347 897 1691 981 populum,
1736 905 1802 958 et
1844 896 1971 959 feci
2011 913 2374 962 sermonem
2419 902 2682 966 brevem

334 1006 417 1070 de
456 1014 686 1068 sancto
732 1002 990 1088 Geor-io,
1038 1012 1104 1066 et
1147 1004 1682 1067 exhortationem.
1766 1004 1955 1065 Haec
1995 1010 2211 1068 autem
2251 1024 2357 1067 me
2402 988 2712 1093 faciente.

335 1121 400 1175 et
443 1114 534 1174 ita
575 1112 900 1194 loquente,
943 1108 1221 1193 populus
1262 1108 1462 1171 villae
1503 1107 1797 1189 astabat,
1839 1117 1928 1187 ‘et
1985 1119 2202 1172 mente
2263 1110 2538 1173 confusa
2573 1094 2682 1181 me

333 1218 723 1300 respiciebat
777 1235 924 1279 cum
1002 1214 1422 1279 admiratione
1501 1232 1758 1296 magua.
1845 1214 2071 1281 Erant
2128 1214 2299 1277 euim
2349 1215 2558 1279 Italici
2614 1225 2688 1279 et

332 1323 499 1388 ferte
522 1340 847 1405 uunquam
884 1319 1221 1385 audierant
1262 1300 2104 1415 sermonem-‚tijemtmficum
2142 1322 2213 1381 in
2254 1337 2378 1383 sua
2400 1321 2685 1389 ecclesia

331 1430 458 1491 nisi
506 1447 547 1491 a
589 1446 710 1491 me.
784 1427 870 1489 Et
912 1428 1016 1489 his
1057 1425 1260 1488 finitis
1304 1425 1592 1508 regressi
1612 1442 1844 1523 sumus
1881 1425 1948 1486 iu
1993 1425 2341 1515 hospitium
2385 1436 2452 1487 et
2491 1445 2686 1490 mau-

334 1533 740 1597 ducavimus.
841 1530 1001 1594 Post
1048 1532 1595 1595 commestionem
1647 1510 1888 1629 incepit
1933 1531 2196 1625 pluere,
2265 1531 2680 1594 nihilomiuus

332 1648 551 1701 tamen
594 1654 801 1720 equos
842 1636 1271 1718 ascendimus,
1310 1644 1375 1698 et
1419 1654 1463 1699 ι
1500 1628 1666 1699 villar
1700 1604 2111 1711 receisimus.
2211 1632 2412 1699 Porro
2456 1637 2681 1725 pluvia

334 1743 548 1825 magis
592 1760 673 1804 ac
714 1744 923 1824 magis
965 1742 1321 1824 crescebat,
1363 1750 1428 1803 et
1469 1742 1575 1805 ita
1602 1738 1841 1806 madidi
1887 1742 2041 1804 facti
2080 1741 2320 1806 fuimus
2342 1758 2552 1827 usqua
2594 1741 2694 1805 ad.

331 1847 605 1930 pellem,
667 1848 895 1930 sicque
969 1848 1035 1910 in
1092 1842 1381 1911 Feltrum
1450 1847 1754 1930 oppidum
1820 1847 2021 1911 infusi
2075 1848 2350 1931 pluvia'
2355 1851 2673 1912 venimus.
2705 1886 2744 1935 ,-

334 1952 578 2016 Sumus
653 1970 809 2035 ergo
852 1961 1113 2035 propter
1152 1950 1569 2015 inundantem
1632 1953 1919 2045 pluviam
1982 1953 2328 2036 hospitium
2370 1954 2678 2036 ingressi,
2785 2024 2796 2035 ‚

333 2058 628 2121 volentes
672 2058 760 2120 ibi
804 2078 921 2141 per
940 2059 1161 2121 horam
1204 2057 1312 2119 vel
1359 2057 1524 2121 duas
1548 2070 1956 2142 exspectare,
1981 2076 2322 2149 quousque
2364 2066 2674 2121 cessaret.
2785 2116 2806 2137 ,

331 2162 466 2225 Sed
525 2165 741 2249 magis
795 2181 875 2226 ac
935 2164 1144 2246 magis
1200 2163 1479 2226 invaluit
1530 2164 1757 2246 pluvia
1776 2192 1814 2247 ‚·
1857 2174 1924 2227 et
1994 2165 2089 2228 ita
2159 2165 2370 2227 coacti
2435 2156 2675 2231 fuimus

330 2286 593 2330 manere
668 2270 791 2332 hac
845 2269 951 2332 die
1016 2271 1137 2355 ibi,
1184 2269 1356 2352 quod
1400 2279 1617 2332 tamen
1655 2270 1999 2335 molestum
2040 2271 2230 2333 nobis
2288 2278 2460 2352 erat,
2523 2267 2678 2355 quia
2781 2272 2790 2281 '

330 2376 547 2458 ipsum
602 2374 945 2458 hospitium
1000 2385 1207 2438 artum
1266 2374 1389 2438 fuit
1445 2384 1514 2437 et
1578 2375 1895 2458 repletum
1958 2375 2218 2438 rusticis
2278 2375 2550 2459 italicis,
2611 2382 2677 2435 et

328 2480 573 2563 hospes
629 2497 707 2542 ac
762 2480 1018 2562 hospita
1090 2488 1158 2541 et
1184 2481 1418 2543 ⁸onmis
1485 2480 1734 2544 familia
1795 2489 1980 2544 erant
2022 2479 2106 2543 de
2160 2480 2384 2549 italica
2417 2480 2671 2562 lingua.

330 2604 458 2648 uec
508 2603 698 2647 usum
736 2582 1054 2645 tractandi
1097 2582 1391 2648 dominos
1432 2586 1792 2667 habebant,
1849 2603 1975 2648 uec
2044 2594 2195 2671 apta
2248 2587 2676 2665 iustrumenta

330 2689 481 2770 (B)
525 2686 613 2751 ad
668 2688 944 2749 honeste
1005 2686 1515 2751 ministrandum.
1588 2690 1796 2754 Erant
1841 2696 2057 2765 tamen
2126 2692 2462 2776 simplices
2523 2689 2675 2754 boni

329 2792 626 2857 homines
684 2799 751 2853 et
802 2791 1096 2855 fecerunt
1162 2810 1351 2855 suum
1405 2810 1643 2876 posse:
1687 2795 1813 2858 hoc
1854 2814 1979 2879 ego
2022 2797 2188 2860 bene
2245 2793 2676 2863 consideravi.

332 2896 470 2962 Sed
508 2895 686 2960 servi
729 2895 1127 2962 dominorum
1171 2906 1355 2960 erant
1395 2898 1826 2982 impatientes.

491 3002 827 3065 Vicen‘ma
889 3013 1117 3086 quarta
1179 3002 1392 3067 adhuc
1433 3007 1578 3068 sine
1618 3005 2098 3071 intermissione
2137 3006 2320 3091 pluit,
2357 3006 2528 3072 sicut
2569 3005 2676 3068 fe-

331 3116 505 3172 cerat
535 3108 642 3171 die
684 3104 887 3172 altera
927 3118 993 3171 et
1019 3119 1211 3181 nocte
1243 3113 1590 3193 praeterita
1615 3121 1680 3174 et
1717 3130 1802 3175 ex
1830 3113 1958 3176 hoc
1998 3130 2209 3195 aquae
2242 3112 2674 3195 confluebant,

329 3224 397 3277 et
441 3223 760 3277 torrentes
804 3214 1232 3279 exundabant.
1316 3217 1566 3282 Verum
1609 3218 1833 3301 pluvia
1875 3237 2004 3282 ιιοιι
2049 3219 2353 3281 obstante
2392 3218 2676 3300 ingressi

327 3337 553 3384 sumus
611 3318 974 3385 Ecclesiam
1015 3337 1212 3405 supra
1267 3322 1335 3385 in
1394 3326 1729 3395 civitatem
1796 3333 1865 3387 et
1930 3322 2146 3387 Missa
2211 3322 2434 3387 audita
2478 3323 2674 3385 etiam

324 3426 541 3509 ipsum
587 3424 889 3508 oppidum
933 3425 1508 3494 consideravimus.
1594 3410 1758 3495 Esi-
1778 3429 1954 3497 enim
2005 3427 2307 3495 Feltrum
2349 3442 2547 3495 unum
2591 3425 2676 3489 de

323 3529 472 3592 istis
505 3529 780 3613 oppidis,
823 3549 993 3613 quae
1034 3534 1322 3594 construi
1367 3532 1523 3595 fecit
1538 3532 1836 3595 Antenor
1875 3550 2000 3616 pro
2034 3533 2330 3598 custodia
2361 3533 2674 3597 montium

325 3637 883 3720 antiquissimum,
936 3635 1110 3697 sicut
1163 3644 1231 3699 et
1304 3645 1628 3700 structure
1687 3636 1831 3723 ejus
1886 3637 2368 3725 demonstrant,
2449 3646 2513 3701 et
2571 3646 2704 3725 est·

325 3742 597 3806 multum
631 3740 894 3824 long-um
936 3760 1053 3823 per
1086 3740 1319 3823 jugum
1343 3741 1531 3804 collis
1551 3749 1913 3824 extensum,
1957 3752 2026 3806 et
2053 3743 2253 3807 habet
2294 3743 2673 3835 episcopum

326 3857 395 3911 et
444 3847 836 3913 monasteria
888 3847 1106 3929 aliqua
1142 3846 1269 3911 ,sub
1341 3855 1560 3909 monte
1624 3846 1932 3909 civitatis.
2051 3848 2127 3910 Iu
2203 3846 2461 3913 domum
2515 3866 2673 3931 ergo

325 3956 611 4037 regressi
667 3954 887 4019 cibum
954 3953 1307 4017 sumsimus
1385 3960 1452 4015 et
1517 3952 1640 4016 sub
1710 3950 1983 4037 prandio
2074 3954 2368 4023 cessavit
2427 3953 2672 4037 pluere.

326 4058 567 4124 Stratis
612 4078 765 4142 ergo
810 4059 997 4142 equis
1040 4058 1320 4123 aF'eltro
1358 4058 1775 4143 recessimus,
1804 4068 1870 4124 et
1903 4078 2058 4127 ,cum
2108 4078 2344 4143 magno
2387 4057 2674 4142 periculo

329 4165 760 4249 equitavimus
815 4170 1078 4249 propter
1118 4173 1491 4233 crescentes
1540 4183 1776 4257 aquas.
1882 4165 2056 4230 Nam
2110 4166 2297 4250 parvi
2359 4163 2550 4226 rivuli
2604 4164 2674 4225 in

330 4270 567 4335 fluvios
610 4270 1052 4355 rapidissimos
1095 4280 1459 4352 creverant,
1501 4278 1569 4332 et
1616 4279 1942 4343 torrentes
1976 4275 2137 4336 sicci
2191 4268 2378 4354 aquis
2431 4265 2675 4328 redun-

335 4374 590 4439 dabant.
675 4375 811 4463 Sejl
842 4378 994 4461 quia
1034 4380 1147 4443 ιόι·
1199 4384 1546 4472 serenatus
1597 4375 1737 4461 fuit,
1812 4377 2124 4469 paulatim
2187 4368 2674 4439 decrescebant.
