3242 5259
1469 319 1601 388 4⁷8

363 505 761 585 christianin
805 501 1023 569 ablata
1061 510 1202 587 est,
1237 508 1310 568 et
1351 504 1654 569 foeminis
1697 500 1855 566 facti
1894 506 2052 566 sunt
2091 496 2455 565 debiliores.
2528 499 2708 579 Hor-

359 613 532 677 ribili
573 610 895 695 siquidem
941 609 1222 672 refertur
1260 610 1557 692 infamia,
1626 605 1948 691 quoinodo
1990 603 2251 689 quidam
2294 603 2709 669 Christianus

363 724 550 800 septa
594 714 918 779 ecelesiae
944 713 1545 780 Bethlehemitanae
1585 710 2102 798 gloriosissimae
2124 708 2418 792 Virginis
2437 706 2710 789 Mariae,

363 832 538 904 quae
577 819 908 883 castitatis
948 828 1190 902 mater,
1234 820 1503 903 pudoris
1546 818 1728 898 aula,
1771 814 2125 880 munditiae
2164 830 2323 894 vas,
2380 809 2712 875 constituit

368 926 638 1009 lupanar
678 926 746 986 in
788 924 1125 1007 genitricis
1146 923 1270 986 Dei
1312 924 1743 1008 opprobrium.
1783 920 2144 984 Abominor
2183 914 2442 1002 quidem
2485 931 2710 978 casum

371 1029 651 1111 referre,
694 1027 815 1093 sed
858 1027 984 1092 loci
1025 1028 1234 1111 ipsius
1276 1027 1492 1091 flenda
1531 1033 1796 1110 propter
1833 1025 1962 1089 hoc
2023 1021 2339 1087 desolatio
2404 1028 2470 1083 et
2509 1018 2713 1081 mise-

363 1133 581 1197 randa
625 1132 961 1216 despectio
997 1150 1149 1195 non
1215 1132 1375 1195 sinit
1437 1149 1541 1192 me
1605 1129 1822 1215 silere.
1882 1128 2056 1192 -Fuit
2115 1143 2398 1209 namque
2452 1124 2521 1187 in
2584 1120 2714 1185 illis

369 1236 600 1301 diebus
644 1236 906 1320 quidam
953 1233 1385 1318 Christianus,
1429 1236 1540 1319 qui
1583 1251 1805 1297 amore
1845 1233 2088 1316 polluto
2130 1227 2453 1314 quandam
2475 1224 2713 1289 Sarra-

372 1358 602 1405 cenam
643 1340 998 1421 adamavit,
1023 1349 1088 1402 et
1132 1359 1276 1404 eam
1314 1341 1641 1403 instanter
1679 1336 1943 1402 cottidie
1980 1335 2064 1400 ad
2104 1351 2495 1400 consensum
2524 1347 2715 1409 suun

373 1444 782 1526 sollicitavit,
826 1450 896 1507 et
936 1444 1082 1526 ipsa
1123 1452 1500 1509 constanter
1565 1443 1806 1505 restitit
1889 1450 1958 1504 et
1999 1440 2182 1523 fugit.
2270 1435 2570 1517 Quadam
2611 1434 2720 1498 die

365 1546 528 1610 -dum
584 1565 729 1611 eam
790 1549 1216 1629 importunius
1294 1547 1702 1629 molestaret,
1768 1544 2011 1627 objecit
2070 1545 2133 1609 ei
2192 1542 2420 1608 mulier
2480 1556 2717 1605 nemen

377 1648 628 1714 Christi
681 1660 753 1714 et
793 1651 1188 1716 christianae
1249 1653 1583 1736 religionis
1626 1649 2038 1735 munditiam,
2105 1671 2298 1737 quam
2343 1647 2455 1711 ille
2490 1642 2717 1729 parvi-

375 1754 624 1838 pendit,
664 1764 730 1819 et
772 1757 1018 1819 crimen
1059 1775 1190 1820 non
1233 1770 1388 1821 esse
1426 1755 1590 1821 adeo
1624 1772 1832 1837 grave
1868 1754 2040 1818 sicut
2071 1752 2247 1815 fama
2287 1751 2466 1816 dixit.
2515 1749 2717 1812 Porro

376 1859 654 1933 foemina
695 1858 813 1923 illa
855 1861 1237 1944 probitatem
1280 1859 1793 1924 Christianorum
1838 1859 1905 1921 in
1949 1857 2168 1920 multis
2226 1861 2605 1936 notaverat,
2648 1859 2718 1914 et

380 1963 726 2026 mirabatur
768 1963 852 2027 de
914 1980 1039 2028 sua
1089 1963 1581 2053 sollicitatione,
1654 1972 1719 2026 et
1767 1960 1963 2026 ducta
2022 1962 2401 2026 curiositate
2441 1955 2720 2042 experiri
2840 2022 2849 2031 ,

376 2067 616 2149 voluit,
665 2068 739 2131 -si
782 2068 1100 2157 quaedam
1160 2069 1372 2133 virtus
1435 2076 1613 2132 esset
1655 2064 1722 2129 in
1799 2067 1910 2130 illo
1964 2065 2338 2130 Christiano
2406 2073 2472 2127 et
2534 2062 2721 2126 timor

381 2170 539 2252 Dei,
584 2180 651 2234 et
694 2171 974 2255 quadam
1013 2177 1170 2237 vice
1228 2172 1389 2237 dixit
1424 2174 1516 2235 ei:
1582 2187 1779 2253 ecce,
1842 2180 1953 2234 tua
2007 2169 2487 2253 importunitate
2544 2169 2723 2230 victa

377 2291 529 2337 aum
582 2284 648 2337 et
702 2273 825 2341 tibi
866 2278 1238 2363 consentio,
1302 2274 1424 2340 sed
1473 2294 1604 2339 non
1664 2273 2081 2338 succumbam
2129 2273 2276 2355 tibi,
2320 2272 2445 2334 nisi
2492 2272 2561 2333 in
2604 2287 2723 2333 ec-

384 2376 590 2441 elesia
650 2377 722 2441 S.
782 2376 1034 2442 Mariae
1095 2381 1161 2443 in
1217 2378 1616 2443 Bethlehem.
1708 2381 1901 2442 Hanc
1961 2376 2391 2442 conditionem
2445 2374 2725 2440 libenter

384 2483 789 2566 acceptavit,
854 2492 921 2546 et
962 2484 1123 2548 hora
1165 2486 1517 2549 constituta
1559 2492 2005 2548 convenerunt
2058 2482 2127 2545 in
2169 2481 2482 2563 ecclesia,
2541 2478 2726 2547 salus

385 2604 532 2650 cum
567 2587 735 2653 sela.
797 2584 1092 2671 Cumque
1131 2587 1360 2652 mulier
1400 2586 1688 2670 videret,
1736 2587 1909 2672 quod
1955 2586 2036 2650 de
2079 2585 2365 2650 ecclesia
2403 2586 2526 2649 sibi
2570 2601 2727 2648 cura

386 2708 516 2754 non
561 2700 772 2773 esset,
816 2699 892 2755 ut
926 2693 994 2755 in
1038 2711 1119 2756 ea
1157 2694 1519 2757 contineret
1559 2692 1722 2775 sihi,
1757 2690 1939 2774 dixit,
1979 2691 2092 2755 hic
2130 2692 2250 2754 tibi
2291 2707 2419 2753 non
2463 2688 2724 2770 parebo,

388 2812 616 2857 eamus
687 2795 755 2857 in
813 2813 1084 2879 specum
1145 2796 1506 2860 nativitatis
1560 2797 1689 2860 Dei
1750 2798 1881 2879 tui,
1942 2796 2031 2859 ibi
2094 2802 2199 2858 est
2252 2794 2594 2857 obscurum
2656 2797 2728 2853 et

386 2907 745 2982 secretnm3
818 2900 931 2983 qui
989 2901 1211 2962 statim
1275 2914 1425 2964 cnm
1486 2901 1756 2964 muliere
1825 2899 2192 2983 descendit,
2230 2905 2315 2973 ,et
2352 2894 2597 2980 ,posuit
2650 2910 2727 2957 ⁹⁰

384 3003 615 3077 mulier
654 3021 855 3087 super
898 3021 1219 3087 praesepe
1254 3004 1552 3089 Domini,
1615 3004 1888 3088 sedens3
1954 3024 2145 3089 quam
2212 3020 2359 3066 cum
2401 3001 2512 3064 ille
2552 2998 2729 3063 infe-

386 3116 625 3192 staret,
691 3110 981 3173 surrexit
1036 3109 1298 3193 mulier,
1368 3116 1440 3189 et
1480 3126 1740 3174 sessum
1781 3110 2035 3194 accepit
2086 3126 2285 3193 super
2338 3104 2615 3190 lapidem
2658 3104 2728 3165 in

388 3209 534 3275 loco
571 3215 1026 3279 sanctissimae
1065 3214 1430 3279 nativitatis
1468 3214 1731 3279 Domini
1782 3224 1847 3278 et
1895 3212 2266 3278 Christiano
2309 3211 2501 3275 dixit:
2569 3225 2730 3273 ecce

390 3312 793 3399 Christiane,
850 3318 958 3381 hic
995 3318 1181 3381 Dens
1227 3327 1380 3382 tuus
1422 3317 1505 3381 de
1542 3318 1821 3405 Virgine
1861 3328 2056 3384 natus
2098 3326 2234 3400 est,
2288 3319 2348 3380 si
2389 3324 2578 3399 potes
2620 3313 2730 3375 hic

387 3434 639 3479 mecum
702 3420 975 3499 cubare,
1028 3420 1176 3501 (B)
1242 3421 1488 3485 accede
1547 3423 1692 3487 huc.
1793 3423 1913 3486 ille
1982 3441 2145 3486 vero
2217 3420 2602 3500 desperatus
2659 3422 2728 3476 et

391 3528 734 3584 execratus
769 3519 1089 3602 intrepide
1131 3525 1414 3587 accessit
1473 3526 1632 3588 nihil
1672 3525 1756 3589 de
1798 3525 1941 3588 loco
1986 3536 2260 3588 curans.
2348 3519 2538 3598 Quod
2580 3535 2731 3581 cer-

391 3641 559 3687 nens
599 3624 830 3689 mulier
868 3623 1126 3688 facinus
1166 3625 1523 3709 abhorruit,
1568 3637 1636 3692 et
1686 3628 2126 3693 Christianum
2170 3626 2347 3689 illum
2394 3623 2730 3705 indignata

390 3746 433 3791 a
472 3746 550 3795 se
589 3729 848 3813 rejecit,
892 3726 1098 3810 vade,
1141 3729 1381 3813 inquit,
1449 3730 1917 3796 scelestissime
1959 3728 2370 3810 Christiane,
2414 3734 2485 3791 et
2531 3728 2729 3809 scias,

393 3834 586 3901 nefas
625 3835 753 3897 hoc
815 3850 1223 3917 nequaquam
1293 3833 1677 3917 impunitum
1718 3833 2014 3897 transire.
2098 3833 2189 3895 Et
2228 3832 2355 3896 hoe
2395 3831 2568 3896 dieto
2609 3850 2733 3895 au—

396 3938 566 4023 fugit
606 3938 867 4022 mulier,
911 3946 978 4002 et
1019 3938 1226 4022 p'rimo
1265 3937 1651 4001 Bethlehem
1695 3940 1997 4020 ingressa
2035 3955 2183 4001 cum
2228 3936 2613 4002 clamoribus
2662 3942 2732 3999 et

397 4045 557 4108 fletu
597 4043 724 4107 sibi
766 4043 944 4108 facta
985 4042 1244 4106 cunctis
1309 4041 1642 4126 recitavit,
1708 4042 2099 4107 Christianis
2160 4042 2601 4125 improperans
2667 4045 2736 4101 et
2850 4076 2857 4083 ·

397 4147 805 4212 Sarracenos
848 4146 932 4211 ad
976 4146 1420 4212 ulciscendum
1463 4148 1758 4222 animans
1804 4157 1871 4212 et
1925 4147 2259 4213 inducens.
2342 4146 2428 4209 Et
2471 4164 2557 4209 ex
2581 4126 2591 4136 ⁶
2612 4144 2736 4211 hoc

397 4251 573 4319 faeta
615 4251 734 4317 fuit
776 4252 1006 4321 mulier
1055 4252 1170 4317 illa
1210 4253 1401 4336 quasi
1443 4252 1862 4336 prophetissa
1903 4254 2071 4317 inter
2090 4250 2512 4330 Sarracenos,
2541 4264 2734 4331 prae-

397 4352 625 4419 dicens
666 4356 800 4437 eis,
863 4357 1107 4423 nullam
1162 4373 1316 4422 esse
1378 4355 1658 4441 amplius
1720 4356 2029 4423 virtutem
2068 4358 2137 4421 in
2176 4352 2603 4433 christianis,
2660 4358 2733 4412 et
