3242 5259
1621 314 1710 380 76

496 500 809 583 mitum
848 498 1306 571 munatium
1345 498 1529 567 mum
1555 495 1970 561 Conventum
2007 496 2378 563 aedificavit
2392 497 2465 561 B.
2490 496 2838 579 Jprdancs,

490 607 904 703 immediatus
967 620 1322 671 successor
1386 605 1458 668 in
1521 607 1837 689 regimine
1909 604 2176 671 Ordinis
2215 606 2429 670 sancti
2493 603 2843 684 Douriuiei,

495 713 713 779 Patris
755 714 998 796 nostri,
1057 708 1201 789 (B)
1246 709 1368 773 sed
1409 709 1502 774 ibi
1554 719 1660 774 est
1713 710 1894 774 nulla
1933 713 2355 777 observantia
2416 727 2545 774 nec
2598 708 2845 792 regula,

498 818 620 884 sed
678 819 873 903 pauci
915 824 981 879 et
1043 820 1265 882 miseri
1321 817 1560 880 fratres
1612 816 1708 879 ibi
1762 816 1908 879 sine
1971 819 2187 883 fructu
2246 818 2511 902 degunt.
2598 818 2673 880 In
2726 800 2872 880 hae'

499 928 769 991 civitate
829 923 1024 986 Anno
1092 920 1275 987 1475.
1335 923 1799 1005 martyrizatus
1842 922 1960 986 fuit
2022 934 2296 987 sanctus
2348 942 2513 1006 puer
2555 919 2870 1003 Symeon·

501 1050 545 1095 a
566 1012 869 1112 Judaeis,
914 1045 1064 1092 cum
1105 1030 1365 1111 magnis
1404 1028 1774 1089 tormentis:
1818 1038 2083 1111 propter
2116 1027 2292 1113 quod
2310 1026 2550 1091 Judaei
2593 1025 2854 1089 fuerunt

502 1154 650 1201 cum
708 1135 973 1207 tuturis
1036 1134 1296 1215 magnis
1357 1131 1713 1215 suspendio
1779 1130 2069 1216 deputati
2087 1155 2107 1218 3
2175 1151 2447 1218 quorum
2508 1128 2855 1195 maledicta

504 1237 959 1323 corpora‚vidi
1006 1237 1074 1300 in
1113 1236 1420 1320 patibulis
1458 1236 1780 1322 pendere,
1849 1256 2019 1302 anno
2063 1240 2401 1323 sequenti,
2464 1235 2722 1322 quando
2762 1237 2859 1298 ivi

502 1344 798 1425 Romam.
891 1340 1148 1425 Corpus
1208 1350 1425 1406 autem
1478 1343 1553 1407 B.
1638 1343 1833 1407 Pueri
1889 1345 2258 1425 inventum,
2318 1344 2575 1428 magnis
2615 1342 2861 1423 incepit

505 1450 753 1515 clarere
811 1445 1144 1513 musculis
1166 1491 1188 1530 ,
1246 1455 1315 1510 et
1366 1447 1563 1511 hodie
1603 1448 1840 1534 claret,
1883 1459 1955 1514 ut
2018 1451 2274 1519 dicitur.
2361 1450 2642 1532 Propter
2685 1443 2859 1530 quod

504 1556 800 1621 homines
840 1571 884 1616 a
923 1552 1294 1636 longinquis
1331 1555 1624 1636 partibus
1666 1556 2128 1639 TheutonIcae,
2156 1555 2478 1620 Franciae
2523 1562 2592 1616 et
2632 1551 2861 1616 Italiae

504 1661 659 1725 illac
698 1659 1211 1742 peregrinantur,
1238 1668 1305 1722 et
1346 1658 1649 1741 deferunt
1689 1678 1928 1744 ceram,
1957 1670 2202 1745 vestes,
2230 1680 2478 1744 aurum,
2520 1667 2859 1743 argentum

510 1774 578 1829 et
616 1764 929 1847 pecunias
975 1762 1044 1824 in
1089 1772 1273 1827 tanta
1312 1766 1521 1848 copia,
1565 1764 1740 1847 quod
1783 1765 2173 1849 stupendum
2215 1774 2319 1829 est
2360 1765 2606 1830 videre.
2671 1762 2860 1827 Unde

510 1868 862 1934 ecclesiam
927 1866 1000 1930 S.
1054 1867 1269 1950 Petri,
1326 1870 1399 1932 in
1465 1887 1598 1952 qua
1658 1888 1895 1954 corpus
1957 1872 2079 1935 fuit
2143 1872 2460 1955 locatum,
2532 1873 2861 1953 antiquam

514 1960 978 2040 destruxerunt
1040 1980 1111 2036 et
1169 1991 1406 2038 novam
1475 1974 1755 2057 amplam
1824 1975 2527 2060 superaedificaverunt
2589 1994 2676 2040 ex
2727 1973 2863 2038 illis

513 2081 737 2147 bouis:
782 2086 850 2141 et
892 2076 1152 2142 domum
1194 2079 1488 2161 martyrii
1545 2078 1691 2161 ejus
1734 2083 1930 2146 etiam
1980 2080 2531 2163 emundaverunt,
2589 2094 2864 2163 eamque

515 2185 863 2250 ecclesiam
930 2191 1502 2249 consecraverunt.
1589 2185 1699 2248 De
1760 2189 2067 2270 martyrio
2091 2187 2286 2269 ,illius
2344 2186 2548 2255 Pueri
2565 2184 2755 2248 wide
2793 2185 2862 2251 in

516 2290 970 2379 supplemento
1026 2286 1494 2354 chronicorum
1507 2335 1533 2374 ,
1599 2290 1711 2361 lib.
1758 2291 1861 2362 15
1901 2292 2041 2355 Fol.
2090 2288 2286 2357 177..
2323 2288 2490 2355 Cum
2531 2306 2693 2373 ergo
2741 2303 2865 2352 nos

517 2394 845 2482 peregrini
902 2401 1131 2457 vestes
1174 2394 1595 2477 equitantium
1656 2394 2210 2479 deposuissemus,
2250 2394 2337 2459 ad
2383 2395 2707 2459 eeclesias
2748 2410 2870 2477 pro

516 2474 977 2583 indulgentiis
996 2484 1441 2564 ‘transivimus
1452 2544 1475 2584 ,
1550 2507 1616 2562 et
1677 2500 1749 2564 in
1803 2501 2087 2566 ecclesia
2139 2500 2212 2564 S.
2255 2502 2434 2566 Petri
2512 2518 2750 2584 corpus
2771 2495 2866 2562 ·.S

518 2605 716 2671 Pueri
739 2602 1022 2669 vidimus
1062 2613 1129 2668 et
1169 2604 1381 2669 locum
1414 2606 1708 2688 martyrii
1739 2604 1905 2689 ejus,
1932 2616 2000 2670 et
2034 2606 2381 2672 ecclesiam
2409 2604 2871 2670 cathedralem

522 2710 853 2796 antiquam
866 2754 888 2792 ,
962 2716 1029 2771 et
1072 2707 1235 2772 alias
1275 2709 1565 2793 capellas
1622 2718 1692 2773 et
1750 2712 2086 2779 ecclesias.
2172 2712 2324 2774 Hoc
2382 2712 2557 2774 enim
2624 2710 2873 2777 faciunt

523 2815 784 2881 honesti
813 2815 1144 2897 peregrini
1166 2813 1724 2899 Jerosolymltani,
1762 2815 1957 2900 quod,
1990 2832 2137 2878 cum
2175 2812 2258 2876 ad
2280 2813 2533 2898 aliquas
2570 2814 2872 2876 civitates

528 2920 881 3001 divertunt,
926 2920 1150 2982 statim
1195 2917 1280 2981 de
1322 2918 1627 2983 ecclesiis
1667 2928 1734 2983 et
1757 2918 2150 2983 Sanctorum
2190 2916 2481 3001 reliquiis
2523 2916 2874 3000 inquirunt,

525 3034 597 3089 et
657 3043 738 3087 ea
776 3024 1067 3086 visitant.
1154 3018 1270 3083 Sic
1312 3027 1507 3086 etiam
1550 3022 1850 3087 fecerunt
1904 3025 2168 3087 Domini
2209 3023 2373 3105 mei,
2442 3030 2509 3085 et
2550 3039 2677 3105 ego
2741 3038 2876 3087 una

528 3147 678 3194 cum
735 3129 873 3209 eis,
935 3131 1010 3186 ut
1065 3124 1311 3208 patebit
1352 3126 1422 3186 in
1463 3143 1804 3209 processu.
1903 3126 2073 3191 eum
2133 3134 2351 3192 autem
2413 3144 2562 3191 sero
2628 3127 2874 3193 factum

388 3308 401 3323 ⁸
530 3242 745 3317 esset,
808 3239 887 3317 et·
914 3231 985 3293 in
1028 3245 1237 3292 coenaw
1292 3245 1518 3293 omnes
1561 3231 1757 3297 simul
1796 3232 2209 3316 sederemus,
2278 3229 2550 3297 advenit
2607 3232 2876 3315 quidam

524 3338 847 3423 Joculator
887 3348 1035 3400 cum
1075 3331 1328 3416 fistula,
1391 3342 1457 3398 et
1498 3353 1666 3399 uxor
1723 3336 1870 3420 ejus
1912 3356 2063 3402 cum
2103 3357 2221 3422 eo,
2265 3354 2435 3421 quae
2493 3336 2578 3399 ad
2619 3336 2877 3401 fistula-

532 3443 773 3506 tionem
811 3437 1201 3513 concinebat
1252 3453 1455 3523 voce,
1502 3440 1677 3504 bona
1735 3443 2191 3508 modulatione.
2278 3442 2406 3506 Vir
2447 3452 2668 3506 autem
2722 3442 2877 3505 licet

532 3546 821 3631 prudens
890 3553 1070 3609 esset
1086 3589 1107 3627 ,
1168 3542 1517 3611 fistulando
1576 3549 2110 3630 gesticulationes
2181 3548 2462 3612 faciebat
2533 3548 2874 3627 fatuorum,

533 3642 796 3736 propter
871 3668 1142 3735 quarum
1208 3632 1496 3733 ineptias
1572 3671 1882 3739 magnum
1961 3654 2330 3719 concitabat
2407 3652 2493 3717 ad
2565 3650 2874 3715 laetitiam

534 3757 833 3821 musicae
855 3757 1074 3820 rism.
1123 3753 1292 3820 Cum
1329 3764 1543 3821 autem
1578 3758 1770 3823 ludus
1811 3760 2037 3826 finitus
2063 3769 2268 3844 esset,
2285 3779 2375 3825 ex
2412 3774 2593 3822 more
2608 3754 2872 3819 Domini

533 3862 824 3927 natones
885 3869 956 3925 et
1008 3861 1260 3925 nobiles
1298 3864 1471 3927 iuter
1532 3880 1611 3925 se
1651 3863 1736 3928 de
1810 3865 2025 3929 dando
2066 3866 2276 3950 pretio
2324 3862 2666 3949 joculatori
2707 3874 2871 3922 eou-

535 3966 849 4031 i'erebant.
954 3961 1235 4044 Quidam
1297 3974 1513 4032 autem
1574 3968 1816 4033 nobilis
1879 3969 2039 4033 nihil
2110 3968 2518 4033 contribuere
2585 3965 2869 4049 volebat,

534 4086 872 4141 assereus:
917 4086 1105 4135 suum
1145 4067 1504 4137 plebanum
1543 4089 1747 4157 saepe
1786 4072 2247 4158 praedicasse,
2287 4073 2463 4158 quod
2517 4073 2586 4139 in
2629 4070 2870 4135 talibus

534 4176 707 4241 datio
749 4184 817 4239 et
858 4178 1155 4259 acceptia
1198 4184 1378 4239 esset
1419 4168 1770 4261 damnosa,
1825 4188 1894 4243 et
1945 4179 2225 4245 mortale
2265 4185 2627 4263 peccatum.
2699 4175 2871 4240 Cum
2959 4252 2968 4261 Ι

532 4285 753 4366 itaque
808 4283 934 4346 sim
1008 4282 1403 4344 constitutus
1473 4282 1545 4344 in
1620 4296 1815 4348 sacra
1869 4283 2430 4368 peregrinatione,
2502 4281 2653 4347 uelo
2724 4299 2871 4345 eam
2957 4348 2966 4359 ,

536 4382 797 4453 foedare
840 4388 1079 4453 vitiosa
1118 4382 1417 4469 datione,
1455 4386 1577 4452 sed
1611 4390 2006 4474 pauperibus
2047 4388 2344 4454 tribuam.
2389 4388 2495 4454 Ex
2524 4388 2653 4454 boc
2696 4388 2869 4452 facta
