3242 5259
637 517 1141 586 irreverentiam.
1223 513 1399 578 Nan
1441 516 1507 576 in
1552 515 1708 577 navi
1759 531 1889 577 non
1932 522 2035 579 est
2081 513 2296 596 iocus,
2350 511 2435 575 ad
2478 528 2671 596 quem
2715 531 2844 576 non
2905 513 2993 576 sit

640 620 1030 712 Quandoque
1048 618 1551 686 irreveientialis
1573 635 1951 682 concursus.
1998 614 2259 682 Galeoti
2300 618 2558 680 enimin
2598 618 2995 693 necessitme

642 749 763 796 suo
807 744 1004 793 cursu
1046 742 1172 789 nec
1212 722 1536 786 sacerdoti
1576 723 1964 805 celebranti,
2029 740 2154 787 nec
2195 731 2607 786 sacramento
2665 721 2994 789 deferrent

600 884 609 891 .
645 829 1165 917 [reverentiam],
1178 826 1299 891 sed
1313 828 1547 910 omnia,
1558 827 1986 910 sacerdotem,
2001 828 2206 891 altare
2223 827 2415 890 simul
2425 845 2571 907 cum
2587 834 2995 905 sacrament*

641 937 1111 1003 subverterent.
1167 930 1338 996 Sunt
1370 932 1542 996 enim
1578 931 1838 995 labores
1864 931 2133 996 navales
2166 932 2394 1014 sumiti,
2431 941 2497 994 et
2523 930 2994 1017 quodammodo

638 1044 844 1127 ,ψῃ
868 1046 1181 1122 urgentes
1192 1054 1360 1121 ,nec
1383 1055 1626 1100 moram
1662 1038 1945 1121 capiunt,
1980 1046 2051 1101 ut
2074 1036 2475 1100 deferantur:
2514 1040 2584 1100 in
2604 1037 2778 1101 omni
2798 1037 2995 1099 etiam

645 1149 793 1212 loco
816 1143 1062 1229 galeae
1102 1141 1426 1205 dormiunt
1467 1141 1800 1226 homines,
1842 1141 2227 1225 comedunt,
2260 1142 2521 1225 bibunt,
2566 1149 2634 1204 et
2673 1139 2994 1204 confabu-

569 1253 893 1331 ·lantnr,
970 1247 1402 1329 mentiuntur,
1475 1254 1543 1309 et
1617 1245 1983 1329 perjurant,
2049 1264 2219 1329 quae
2280 1249 2497 1310 omnia
2556 1255 2711 1309 sunt
2768 1253 2995 1308 contra

585 1354 1035 1422 ·sacramenti
1094 1352 1553 1419 reverentiam.
1639 1351 1723 1413 X.
1802 1350 1955 1414 Non
2012 1349 2204 1414 debet
2257 1353 2347 1414 ibi
2403 1353 2615 1415 Missa
2679 1349 2994 1414 celebrari

644 1467 906 1544 propter
982 1459 1417 1540 praesentiam
1472 1454 1911 1539 indignorum.
2033 1454 2204 1518 Sunt
2278 1458 2449 1520 enim
2515 1456 2887 1540 frequenter
2926 1455 2995 1517 in

632 1565 926 1630 ‘navibus
966 1563 1097 1626 illis
1137 1559 1398 1643 Judaei,
1439 1560 1657 1644 Turci,
1680 1559 2046 1643 sarraceni,
2089 1561 2511 1644 schismatici,
2554 1561 2884 1643 haeretici,
2927 1568 2996 1621 et

649 1668 1186 1734 excommunicati
1248 1683 1289 1728 a
1357 1665 1505 1747 jure
1561 1674 1628 1728 et
1680 1683 1721 1727 a
1755 1664 2006 1749 judice,
2069 1675 2136 1729 et
2207 1665 2561 1750 interdicti,
2622 1674 2690 1727 et
2748 1666 2840 1726 si·
2866 1682 2997 1726 non

652 1776 763 1839 isti
805 1773 1074 1855 ‘indigni
1137 1787 1365 1834 omnes
1423 1769 1616 1832 simul
1680 1772 2119 1854 reperiuntur,
2185 1789 2445 1855 semper
2520 1780 2737 1835 tamen
2798 1769 2998 1852 aliqui

654 1897 875 1943 eorum
918 1878 1015 1955 iu
1036 1883 1236 1957 ssunt,
1279 1891 1495 1937 coram
1542 1875 1777 1956 quibus
1819 1894 1950 1938 non
1983 1875 2173 1938 debet
2216 1876 2545 1939 celebrari.
2589 1877 2705 1938 XI.
2724 1875 2996 1957 Propter

658 1986 930 2066 grandin
974 1994 1034 2042 [τι
1095 1986 1379 2042 cunnum
1439 1988 1741 2062 peccata,
1804 1998 1975 2063 quae
2031 1982 2097 2042 iu
2157 1982 2436 2044 navibus
2494 1981 2994 2044 committuntur.

657 2090 750 2150 lbi
814 2086 1075 2150 annidie-
1167 2086 1387 2146 indunt
1455 2082 1535 2147 nd
1591 2083 1855 2147 taxillos
1922 2093 1987 2147 et
2017 2074 2333 2167 ἓετΙιειι-ῑαε,
2398 2086 2487 2148 ibi
2552 2083 2999 2149 execrabiliter

658 2194 866 2254 Deum
934 2202 998 2254 nt
1067 2190 1343 2250 Snnclns
1423 2170 1903 2273 blasphemant,
1965 2189 2351 2273 perjurant,
2443 2199 2511 2252 et
2581 2191 2995 2270 mentiuntur,

658 2302 998 2362 detrahunt
1075 2306 1135 2358 et
1215 2294 1497 2378 litigant,
1572 2295 1866 2357 inu-amur
1933 2304 1999 2359 et
2078 2295 2365 2377 rapiunt,
2442 2311 2519 2358 se
2575 2296 2995 2378 ingurgitant,

658 2406 986 2486 replentur
1030 2414 1091 2466 et
1135 2402 1546 2462 inebriantur.
1628 2399 1887 2463 Utinam
1952 2418 2180 2462 verum
2222 2417 2355 2462 non
2397 2400 2520 2483 sii,
2578 2378 2774 2483 qud&
2795 2415 2999 2480 saepe

662 2510 882 2570 andivi
970 2510 1275 2586 recitare,
1363 2503 1530 2586 qnod
1607 2514 1955 2568 exerceant
2039 2515 2378 2589 peccatum
2462 2504 2997 2569 nefandissimum

658 2614 990 2674 sudamine
1030 2614 1099 2674 iu,
1135 2610 1339 2690 gali-is
1379 2608 1711 2690 gaiestreli
1754 2606 1920 2690 (ὅθ
1939 2609 2053 2691 Δ)
2089 2610 2469 2695 orientales3
2520 2611 2666 2675 ideo
2694 2609 3000 2690 indiguus

656 2727 759 2780 cst
804 2718 989 2781 locus
1049 2734 1168 2798 pro
1228 2722 1406 2777 tanto
1463 2714 1816 2797 sacrificio,
1880 2715 1990 2777 ubi
2047 2716 2532 2778 committuntur
2581 2724 2762 2778 tanta
2814 2714 2994 2776 viia.

658 2822 805 2886 ΧΠ.
828 2823 1068 2885 Foetor
1091 2818 1297 2901 turpis
1333 2827 1399 2881 et
1430 2818 1832 2886 immunditia
1851 2815 2084 2902 galea'c
2102 2827 2172 2881 et
2201 2819 2533 2884 hominnm
2567 2819 3002 2883 dehonestant

661 2927 895 2992 locum.
997 2925 1179 2992 xm.
1242 2922 1518 3005 Propter
1584 2917 1974 2987 derisionem
2033 2923 2385 2988 infidelium
2402 2969 2423 3009 ,
2488 2934 2555 2988 et
2616 2919 2999 2987 scandalum

662 3048 903 3093 eorum.
990 3026 1066 3091 Si
1106 3029 1279 3089 enim
1321 3026 1642 3090 audierint
1700 3026 1912 3090 neum
1953 3039 2245 3093 nostrum
2285 3032 2354 3093 in
2396 3033 2550 3093 navi
2587 3035 3001 3112 praesentem

660 3149 814 3197 csse
853 3133 923 3193 in
965 3139 1404 3213 sacramento,
1447 3129 1805 3194 secundum
1850 3131 2046 3195 iidem
2091 3144 2377 3198 nostram
2403 3180 2422 3215 ,
2455 3143 2517 3197 et
2558 3134 2834 3198 viderint
2873 3145 2997 3194 nos

661 3234 1079 3299 nihilominus
1122 3236 1473 3321 criminose
1514 3237 1775 3319 vIvere,
1818 3237 1926 3299 vel
1971 3238 2384 3303 tribulatione
2423 3241 2755 3323 quassari,
2792 3252 3000 3320 grave

660 3349 994 3405 sumerent
1077 3338 1487 3421 scandalum,
1574 3346 1644 3401 et
1729 3339 2117 3407 derisionem
2210 3345 2496 3408 facerent
2590 3347 2998 3409 sacramento

661 3444 1067 3528 dignissimo.
1130 3443 1351 3513 xlm.
1395 3444 1667 3526 Propter
1706 3444 2019 3510 malornm
2063 3446 2574 3514 Christianorum
2619 3449 2996 3513 fatuitatem.

660 3548 738 3614 Si
778 3549 951 3621 enim
994 3550 1121 3614 hoc
1152 3558 1630 3612 sacramentum
1684 3570 2002 3633 praesens
2067 3563 2244 3617 esset
2287 3557 2355 3618 in
2397 3557 2591 3640 galea
2608 3602 2629 3640 ,
2692 3564 2759 3618 et
2799 3553 2999 3618 maris

662 3662 1017 3738 tempestas
1055 3653 1391 3738 incideret,
1433 3663 1498 3717 et
1542 3658 1734 3719 nav-Is
1777 3658 1845 3719 in
1869 3658 2224 3741 periculum
2267 3660 2581 3745 tenderet,
2616 3678 2740 3723 nec
2780 3658 3000 3723 statim

661 3758 1019 3823 consolatio
1073 3777 1195 3823 seu
1218 3759 1619 3842 ‚adjutorium
1665 3760 1963 3847 adesset,
2010 3766 2136 3828 hoc
2174 3765 2268 3828 ilii
2307 3765 2468 3829 fatui
2525 3761 2883 3827 Christiani
2928 3759 2999 3821 in

662 3863 962 3945 injuriam
1007 3868 1398 3928 sacramenti
1440 3868 1662 3928 statim
1707 3878 2184 3954 retorquerent,
2229 3877 2296 3932 et
2336 3871 2398 3933 si
2439 3886 2567 3931 non
2619 3884 2734 3930 ore
2772 3872 2998 3925 tamen

662 3965 861 4032 eorde
902 3965 1221 4032 dicerent.
1266 3971 1326 4032 si
1389 3979 1458 4033 tu
1502 3988 1577 4039 es
1620 3969 1946 4055 Christus,
1989 3972 2248 4038 salvum
2290 3975 2397 4037 fac
2439 3977 2639 4036 temet
2679 3970 2893 4052 ipsum
2930 3976 3000 4031 et

662 4087 804 4134 nos·
892 4068 1143 4159 stae..
1183 4074 1334 4138 vidi·
1386 4075 1613 4139 oculis.
1711 4075 1884 4139 Nam
1956 4077 2235 4159 quodam
2309 4086 2597 4161 tempore
2653 4082 3002 4159 grassante

662 4184 1057 4260 tempestate
1104 4186 1172 4242 et
1208 4170 1533 4262 durante,
1603 4196 1728 4261 ego
1770 4189 1836 4242 et
1872 4183 2121 4244 caeteri
2176 4181 2463 4264 religiosi
2516 4190 2583 4244 et
2622 4176 3001 4244 sacerdotes

661 4283 965 4347 conversi
1026 4282 1111 4346 ad
1177 4282 1524 4349 Dominum
1587 4285 1997 4348 cantavimus
2061 4284 2339 4349 letanias
2400 4295 2469 4350 et
2526 4285 2807 4365 Sanctos
2873 4285 3001 4348 Dei

661 4386 1116 4454 invocavimus
1177 4406 1298 4471 pro
1364 4385 1716 4471 adjutorio,
1778 4388 1934 4471 quia
1993 4400 2134 4457 erat
2192 4392 2564 4475 periculosa
2622 4402 2998 4477 tempestas.
