3242 5259
592 570 820 622 omnes
887 552 1099 619 cibum
1157 556 1225 612 et
1261 555 1479 632 potum
1545 556 1809 631 propter
1863 543 2182 611 stomachi
2244 543 2757 609 subversionem.
2845 547 2930 609 Et

594 663 805 747 siquis
867 660 1061 722 etiam
1128 653 1371 738 aliquid
1425 654 1916 738 manducasset,
1984 652 2256 716 durante
2326 660 2744 736 tempestate,
2804 670 2932 717 non

593 768 999 848 retinuisset,
1043 758 1161 825 sed
1203 776 1365 823 mox
1395 759 1769 823 vomitando
1819 759 2146 841 ejecIsset.
2247 756 2428 821 Nihil
2473 757 2644 821 enim
2704 757 2936 822 melius

591 874 659 936 in
703 867 1229 955 tempestatibus,
1272 882 1466 948 quam
1507 860 1721 927 vacuo
1763 863 2096 928 stomacho
2137 872 2417 926 manere.
2475 862 2559 925 Et
2601 873 2939 946 praeterea

592 978 803 1042 omnis
844 974 1033 1058 panis
1068 979 1295 1035 noster
1333 977 1676 1054 corruptus
1720 979 1785 1034 et
1827 969 2072 1034 inutilis
2117 968 2333 1032 factus
2382 968 2524 1051 fuit,
2568 988 2686 1052 per
2723 969 2938 1033 salsas

591 1085 791 1148 maris
833 1096 1062 1164 aquas,
1098 1086 1164 1139 et
1203 1079 1297 1139 ita
1336 1077 1729 1159 cogebamur
1757 1075 2071 1159 jejunare.
2115 1073 2346 1136 Altera
2371 1072 2477 1136 die
2500 1075 2938 1157 processimus

593 1187 987 1252 dimittentes
1031 1182 1395 1265 Ragusiurn
1436 1182 1765 1244 civitatem
1826 1181 1908 1244 ad
1971 1180 2299 1262 dextram,
2364 1188 2430 1241 et
2470 1178 2815 1243 Cursulam
2854 1177 2936 1240 ad

590 1293 947 1373 sinistram,
992 1296 1058 1349 et
1114 1288 1414 1350 venimus
1456 1286 1806 1348 Laesinam
1865 1288 1933 1348 in
1990 1287 2356 1350 civitatem:
2413 1304 2607 1370 quam
2652 1284 2938 1369 ingressi

591 1397 818 1461 refecti
860 1409 1109 1478 sumus,
1151 1402 1217 1455 et
1257 1410 1298 1454 a
1336 1392 1662 1474 vertigine
1698 1391 1929 1473 capitis
1969 1389 2239 1454 liberati.
2310 1392 2678 1454 Mansimus
2720 1398 2936 1452 autem

589 1501 917 1565 Laesinae
956 1499 1162 1560 tribus
1207 1496 1455 1578 diebus,
1488 1498 1642 1580 quia
1683 1496 1944 1559 maximi
1982 1498 2168 1560 venti
2212 1498 2279 1560 in
2321 1499 2483 1561 mari
2524 1504 2728 1578 erant,
2772 1512 2937 1579 quos

587 1605 1003 1686 timebamus,
1055 1603 1355 1685 quamvis
1410 1621 1526 1684 pro
1576 1601 1765 1665 nobis
1826 1602 2141 1669 fuissentz
2210 1610 2277 1665 et
2324 1604 2517 1666 etiam
2575 1601 2935 1666 mansimus

588 1718 854 1793 propter
895 1707 1196 1770 dominae
1238 1708 1659 1790 praegnantis
1703 1715 1768 1769 et
1808 1706 2128 1789 gravidae
2172 1706 2726 1789 refocillationem,
2769 1723 2938 1789 quae

588 1812 1039 1877 valderfuerat
1077 1812 1146 1874 in
1189 1810 1320 1873 illis
1375 1812 1874 1894 tempestatibus
1925 1813 2281 1896 infirmata3
2343 1813 2575 1876 mirum
2618 1819 2719 1873 est
2764 1808 2934 1892 quod

590 1936 721 1983 non
765 1918 887 1981 snit
924 1922 1175 1979 mortua
1215 1914 1406 1976 simul
1448 1932 1596 1979 cum
1640 1902 1814 1980 foetu
1857 1920 1926 1981 in
1976 1919 2180 1981 tantis
2224 1917 2598 1980 terroribus.
2682 1913 2937 1977 Deinde

592 2022 676 2086 de
714 2023 962 2085 Lesina
997 2020 1458 2103 navigavimus
1508 2040 1655 2085 cum
1696 2024 1866 2105 bono
1906 2032 2126 2087 vento.

754 2127 889 2191 Sed
943 2133 1135 2189 nocte
1187 2124 1318 2208 jam
1358 2125 1708 2210 incipiente
1746 2129 2145 2193 confortatus
2188 2136 2292 2192 est
2335 2135 2575 2191 ventus
2635 2135 2702 2191 et
2738 2126 2933 2190 nimis

589 2230 902 2315 invaluit,
985 2229 1385 2314 projecitque
1451 2249 1572 2295 nos
1661 2234 1728 2297 in
1796 2235 2100 2325 eurippos
2182 2232 2267 2299 ad
2335 2235 2483 2300 loca
2555 2234 2932 2317 asperrima,

590 2337 881 2421 scopulis
970 2345 1038 2399 et
1133 2336 1401 2417 rupibus
1492 2337 1691 2419 plena
1714 2382 1736 2422 ,
1804 2339 1871 2401 in
1955 2341 2210 2424 quibus.
2268 2359 2398 2405 non
2489 2348 2709 2423 potest
2791 2338 2931 2402 fieri

589 2453 912 2507 nocturna
950 2441 1306 2523 navigatio.
1391 2441 1844 2525 Applicuimus
1882 2453 2097 2511 autem
2143 2444 2228 2510 ad
2286 2445 2544 2511 radices
2594 2443 2931 2527 eujusdam

590 2546 918 2630 scopulosi
993 2547 1228 2610 montis
1286 2554 1351 2608 et
1404 2547 1622 2610 bolide
1687 2549 1897 2632 ejecto
1963 2550 2233 2615 fundum
2307 2551 2750 2633 quaesivimus
2772 2594 2792 2632 ,
2848 2545 2932 2611 ad

590 2649 1039 2716 stabiliendam
1088 2651 1176 2714 ibi
1215 2668 1473 2735 navem,
1516 2654 1671 2737 quia
1708 2654 2015 2720 tenebrae
2055 2658 2269 2723 subito
2326 2674 2449 2723 nos
2489 2671 2934 2738 praeoccupa-

588 2748 841 2840 verant,
884 2755 1057 2842 quod
1099 2774 1228 2819 non
1270 2765 1641 2839 poteramus
1682 2759 1864 2823 adire
1929 2759 2208 2844 aliquem
2260 2771 2516 2845 portum
2581 2761 2931 2842 signatum,

588 2881 714 2926 nec
755 2862 1027 2927 ulterius
1068 2860 1440 2943 procedere.
1526 2862 1825 2948 Cumque
1859 2863 1996 2947 jam
2042 2884 2244 2950 prope
2291 2872 2573 2929 montem
2632 2877 2932 2925 essemus

589 2976 658 3030 et
713 2966 982 3030 Galeam
1023 2976 1284 3047 vertere
1325 2979 1730 3052 conarentur,
1774 2988 1928 3033 mox
1968 2967 2289 3030 violenter
2330 2987 2370 3031 a
2411 2976 2613 3030 vento
2652 2965 2932 3050 impulsa

590 3078 659 3132 et.
699 3070 997 3132 fluctibus
1058 3080 1235 3134 mota
1286 3073 1648 3156 importune
1711 3076 1928 3157 girare
1991 3070 2203 3152 cepit,
2267 3078 2334 3131 et
2378 3071 2743 3135 minabatur
2781 3092 2929 3139 cum

590 3190 782 3255 prora
840 3174 906 3234 in
960 3182 1186 3239 cantes
1244 3184 1347 3245 et,
1382 3176 1684 3258 scopulas
1751 3177 1990 3240 montis
2046 3173 2370 3258 incidere,
2432 3184 2500 3239 et
2555 3178 2655 3241 sic
2721 3179 2931 3243 Galea

590 3277 847 3362 dirupta
890 3276 1145 3347 fuisset.
1186 3282 1263 3344 In
1306 3280 1451 3363 ipsa
1481 3288 1698 3344 autem
1741 3280 1936 3343 navis
1985 3279 2328 3363 gyratione
2371 3280 2609 3348 Galioti
2666 3288 2932 3368 pericu-

588 3383 718 3445 lum
761 3392 1235 3466 cognoscentes
1255 3383 1536 3448 horribili
1555 3385 1835 3449 clamore
1857 3385 2108 3450 caelum
2131 3385 2483 3470 implebant
2505 3394 2568 3448 et
2596 3383 2929 3450 discurre-

585 3488 765 3571 bant,
811 3506 1013 3571 seque
1056 3487 1137 3549 ad
1182 3490 1559 3553 evasionem
1600 3489 2049 3574 disponebant.
2136 3492 2395 3557 Interea
2446 3490 2574 3555 duo
2615 3492 2925 3574 Episcopi

586 3600 650 3654 et
692 3609 813 3655 nos
852 3610 997 3654 cum
1039 3590 1170 3655 illis
1230 3593 1503 3657 inferius
1561 3613 1819 3658 eramus
1841 3641 1861 3678 ,
1925 3605 1990 3659 et
2033 3595 2272 3658 'famuli
2328 3597 2797 3678 Episcoporum
2839 3592 2925 3658 ad

587 3696 875 3760 foramen
926 3696 1188 3759 carinae
1246 3698 1628 3784 currebant,
1671 3702 1781 3783 qui
1823 3711 2005 3764 erant
2047 3702 2352 3784 superius
2370 3747 2391 3784 ,
2448 3719 2528 3763 ac
2584 3700 2925 3782 desperate

585 3800 976 3864 clamabantz
1021 3799 1077 3863 0
1103 3798 1343 3865 domini
1383 3804 1608 3866 venite
1649 3821 1927 3889 sursum,
1960 3806 2153 3870 navis
2196 3803 2552 3890 rumpenda
2575 3811 2919 3886 mergetur.

585 3904 693 3968 Ad
735 3904 911 3968 hunc
970 3905 1316 3970 clamorem
1357 3909 1672 3991 Episcopi
1727 3928 1875 3973 cum
1916 3912 2058 3975 suis
2116 3911 2514 3975 tumultuose
2561 3913 2920 3990 surgentes

584 4011 1038 4074 ascenderunt.
1081 4009 1394 4074 Similiter
1436 4021 1501 4075 et
1545 4012 1656 4077 alii
1692 4014 2006 4097 fecerunt,
2044 4025 2109 4077 et
2152 4016 2328 4079 facta
2363 4015 2484 4077 fuit
2525 4008 2920 4095 compressio

582 4113 728 4195 (ΙΙ)
794 4133 1030 4198 magna
1083 4117 1149 4178 in
1209 4117 1405 4179 scalis
1459 4126 1524 4180 et
1576 4136 1810 4182 cursus
1852 4120 2163 4184 mirabilis
2205 4121 2487 4184 omnium
2527 4118 2610 4181 ad
2653 4115 2919 4200 puppim

586 4219 1046 4302 festinantium,
1087 4229 1160 4283 ut
1202 4221 1269 4284 in
1307 4223 1590 4303 scaphas
1635 4221 1881 4305 ejectas
1940 4224 2268 4287 saltarent.
2333 4223 2529 4286 Servi
2570 4230 2634 4284 et
2676 4220 2916 4299 domini

582 4320 845 4386 Patroni
887 4341 1034 4386 cum
1074 4323 1309 4405 gladiis
1353 4325 1665 4392 abscissis
1719 4328 1981 4391 funibus
2024 4329 2407 4410 scapharum
2484 4327 2552 4389 in
2596 4326 2758 4389 mari
2800 4343 2917 4390 eas

580 4426 816 4491 eadese
852 4429 1323 4511 permiserant,
1372 4437 1447 4491 ut
1506 4430 1796 4514 periculo
1862 4431 2326 4495 submersionis
2414 4432 2702 4495 instante
2770 4431 2914 4515 ipse

822 4544 863 4571 θ
910 4570 923 4587 Ι
