3242 5259
1464 316 1595 383 405

358 495 468 565 ubi
530 493 832 580 discipuli
893 505 964 561 et
1023 500 1171 583 ipsa
1232 498 1298 560 iu
1363 496 1472 560 die
1530 506 1947 581 pentecostes
2011 497 2318 581 Spiritum
2392 506 2693 564 sanctum

359 610 781 689 acceperant,
823 612 890 667 et
927 603 1020 669 ibi
1060 622 1231 667 novo
1269 602 1506 686 gaudio
1549 603 1934 686 replebatur.
2000 590 2288 689 Indeque
2331 602 2695 687 descendit,

359 718 428 773 et
467 708 881 793 sepulchrum
939 707 1297 794 prophetae
1337 705 1588 791 David,
1632 709 1836 791 patris
1876 709 2016 793 sui,
2060 711 2417 793 quaesivit,
2461 720 2526 773 et
2568 692 2695 774 hoc

360 813 542 879 facto
578 815 760 878 venit
797 815 865 877 in
907 831 1096 878 suum
1139 812 1507 897 oratorium,
1550 812 1724 895 quod
1754 831 1955 911 prope
1997 822 2155 898 erat,
2190 814 2260 878 iu
2300 832 2429 898 quo
2470 814 2695 879 habuit

359 937 476 1005 pro
518 918 839 1003 reliquiis,
892 924 963 981 ut
1017 919 1127 1001 pie
1167 917 1484 1001 creditur,
1523 918 1691 983 duos
1765 935 2038 1002 magnos
2098 916 2350 1003 lapides
2392 919 2518 982 sibi
2578 926 2698 1015 per

360 1023 633 1107 angelos
704 1024 938 1088 allatos
981 1039 1022 1085 a
1062 1031 1281 1087 monte
1334 1020 1573 1107 synai,
1636 1042 1837 1087 unum
1878 1021 1961 1086 de
2002 1012 2181 1106 loco,
2252 1023 2363 1087 ubi
2419 1022 2695 1108 Moyses

358 1130 587 1192 rubum
628 1127 859 1191 ardere
896 1125 1063 1190 vidit
1104 1127 1250 1190 sine
1283 1130 1759 1193 consumtione·
1806 1137 1871 1193 et
1906 1127 2096 1212 juxta
2123 1128 2405 1213 lapidem
2446 1132 2695 1213 gratias

360 1232 723 1317 condignas
780 1232 916 1314 egit
974 1230 1058 1295 de
1120 1249 1285 1295 suae
1350 1234 1751 1317 virginitatis
1804 1233 2090 1316 gloriosa
2152 1235 2687 1319 conservation05

257 1378 262 1387 ·
358 1338 558 1403 alium
605 1357 769 1403 <vero
815 1337 899 1401 de
939 1339 1314 1401 summitate
1354 1338 1591 1402 montis
1616 1337 1846 1424 synai,
1883 1339 1951 1400 in
1993 1348 2119 1423 quo
2161 1335 2455 1422 decalogi
2497 1357 2695 1422 prae-

359 1448 556 1526 cepta
591 1444 852 1508 fueram
904 1440 1126 1525 Moysi
1165 1442 1431 1506 tradita:
1477 1453 1544 1505 et
1576 1443 1770 1526 juxta
1830 1442 2003 1505 huuc
2059 1443 2339 1528 lapidem
2399 1454 2696 1508 contem-

359 1546 659 1630 plabatur
717 1556 1207 1632 praeceptorum
1289 1549 1699 1612 eminentiam
1717 1592 1737 1631 ,
1799 1555 1868 1609 et
1933 1545 2077 1611 Deo
2137 1548 2692 1635 reconciliabatur,

360 1650 530 1736 quod
588 1672 706 1737 per
762 1671 907 1716 eam
963 1652 1201 1718 mundo
1266 1651 1460 1718 datus
1514 1661 1618 1717 est
1677 1651 1839 1735 isse„
1878 1654 1991 1738 qui
2042 1652 2256 1737 legem
2297 1651 2383 1719 ad
2436 1652 2577 1737 jota
2628 1662 2697 1717 et

358 1758 609 1839 apicem
671 1757 1046 1842 adimplevit
1066 1804 1088 1842 ,
1153 1767 1244 1843 ,ιιι
1299 1758 1574 1823 habetur
1616 1757 1851 1824 matth.
1896 1758 1999 1829 V.·
2042 1758 2187 1822 Hos
2231 1756 2397 1821 duos
2438 1756 2692 1845 lapides

357 1862 618 1946 habuit,
681 1862 749 1926 in
813 1863 1049 1947 quibus
1121 1860 1298 1927 loca*
1325 1861 1567 1929 deserti
1631 1861 1839 1947 Synai
1897 1862 2230 1946 visitavit,
2316 1848 2470 1948 quia
2532 1880 2693 1928 vere

355 1968 702 2050 peregrina
765 1966 905 2031 fuit.
990 1966 1094 2030 De
1131 1968 1235 2033 his
1295 1967 1639 2052 lapidibus·
1674 1968 1831 2033 vide
1885 1968 1998 2032 sol.
2048 1967 2190 2034 toa
2234 1968 2309 2030 B.
2399 1968 2503 2032 Ab
2567 1968 2695 2039 hoc

358 2069 504 2135 loco
559 2079 712 2154 post
772 2070 1122 2136 orationem
1161 2075 1511 2165 surrexit,
1591 2081 1663 2137 et
1720 2073 1788 2137 in
1852 2054 2109 2139 domum
2172 2048 2437 2151 rediens,
2491 2073 2689 2138 finem

251 2244 258 2249 ,
357 2176 892 2260 peregrinationis
935 2174 1096 2239 suae
1142 2176 1256 2241 illo
1298 2177 1406 2241 die
1444 2179 1767 2281 imposuit.

522 2281 627 2345 De
669 2279 857 2345 domo
897 2281 1253 2346 mansionis
1294 2282 1710 2347 beatissimae
1748 2282 1992 2347 Mariae
2033 2282 2331 2365 Virginis
2372 2278 2531 2351 vide
2579 2279 2685 2344 fol.

285 2440 292 2445 .
353 2385 485 2452 205
544 2386 625 2450 A.
709 2385 812 2449 De
873 2386 988 2450 illa
1043 2387 1563 2470 peregrinatione
1627 2387 2047 2453 beatissimae
2105 2387 2358 2453 Mariae
2396 2385 2693 2470 Virginis

358 2490 518 2556 dicit
549 2489 793 2577 milio,
836 2493 1139 2575 antiquus
1180 2492 1507 2555 ecclesiae
1561 2492 1819 2558 doctor:
1861 2495 1920 2556 si
1963 2493 2135 2556 scire
2166 2492 2489 2575 volumus,
2534 2488 2692 2574 quid
2790 2516 2799 2525 ·

358 2596 551 2660 beata
572 2597 782 2680 Virgo
822 2605 973 2681 post
1014 2592 1467 2663 ascensionem
1486 2598 1747 2663 Domini
1790 2594 2049 2681 egerit?
2097 2596 2258 2663 Siue
2308 2594 2500 2658 dubio
2541 2595 2688 2658 loca

360 2703 764 2785 nativitatis,
821 2703 1148 2787 passionis
1167 2748 1187 2786 ,
1244 2704 1766 2788 memiensis,
1833 2694 2272 2785 ascensionis,
2318 2699 2690 2783 frequenter

357 2806 701 2891 visitabat,
737 2816 809 2870 et
849 2808 917 2870 in
961 2808 1058 2871 eis
1097 2804 1434 2892 iacrymas
1459 2790 1808 2891 fundebat,
1852 2816 1918 2871 et
1971 2806 2105 2872 oris
2145 2806 2251 2869 sui
2291 2803 2689 2867 sanctissimi

359 2913 586 2976 oscula
648 2913 1075 2996 imprimebat.
1161 2914 1249 2976 Et
1295 2912 1529 2975 beatus
1588 2912 2029 2997 Hieronymus
2102 2913 2171 2976 in
2246 2929 2548 2975 sermone
2601 2907 2685 2972 de

355 3016 758 3083 assumtidne
796 3019 900 3080 sie
940 3016 1099 3082 dicit
1131 3017 1246 3081 ‘dc
1286 3016 1514 3081 eadem
1578 3018 2130 3102 peregrinatione:
2203 3015 2501 3080 fortasse.
2528 3031 2688 3097 prae

356 3119 553 3185 nimio
616 3138 835 3185 amore
877 3123 963 3185 ·iu
1025 3122 1202 3208 leco,
1267 3122 1336 3188 in
1397 3142 1526 3209 quo
1580 3122 1754 3187 filius
1803 3123 1950 3206 ejus
2001 3131 2214 3205 natus,
2269 3129 2559 3186 mortuus
2623 3125 2691 3181 et

358 3222 677 3311 sepultus,
725 3220 1051 3292 enm-nus
1115 3229 1434 3293 interdum
1497 3228 1869 3313 habitasse,
1934 3247 2053 3313 per
2116 3242 2288 3313 quae
2353 3225 2500 3289 loca
2561 3223 2721 3310 piis.

357 3338 737 3414 pasceretur
776 3330 1047 3397 hiterius
1089 3353 1270 3401 amor
1311 3335 1674 3425 obtutibus,
1730 3335 1882 3419 quia
1919 3335 2053 3399 hoc
2085 3333 2282 3398 habet
2339 3312 2687 3413 'impatiens

359 3454 560 3520 amor,
601 3444 695 3517 ut,
742 3437 916 3520 quod
969 3437 1312 3523 desiderat,
1357 3432 1616 3523 semper
1654 3439 1952 3531 invenire
2002 3456 2081 3502 se
2122 3435 2377 3502 credat:
2420 3435 2524 3498 De
2564 3435 2692 3499 hac

359 3540 556 3604 etiam
595 3542 1118 3625 peregrinatione
1173 3543 1454 3629 loquitur
1521 3544 1881 3629 Antonius,
1944 3543 2015 3608 in
2075 3541 2345 3606 Summa
2384 3543 2446 3605 4.
2490 3540 2686 3605 Parte

355 3646 478 3709 Tit.
520 3644 676 3716 XV.
719 3644 881 3730 Cap.
942 3647 1047 3712 43.
1092 3643 1161 3736 S.
1226 3650 1291 3714 2.
1376 3649 1596 3715 Ambo
1633 3656 1851 3714 tamen
1892 3645 2221 3729 cre‘dunt‚·
2263 3643 2434 3732 quod
2494 3662 2689 3729 pere-

354 3752 630 3835 grinatio
671 3751 814 3833 ffla„
843 3753 1073 3818 beatae
1111 3754 1361 3818 Mariae
1397 3752 1696 3835 VirgInis
1739 3755 1951 3837 magis
1989 3750 2406 3836 intelligenda
2446 3750 2534 3813 sit
2572 3767 2688 3827 se-

354 3857 634 3922 cundum
675 3848 1034 3942 spiritum‚'
1062 3860 1268 3942 quam,
1302 3852 1660 3923 secundum
1712 3856 1946 3938 locum.
2032 3855 2169 3920 Sed
2211 3876 2330 3941 per
2388 3856 2515 3920 hoc
2556 3872 2688 3921 non

355 3967 578 4046 negat,
613 3981 756 4025 eam
798 3963 995 4027 etiam
1035 3961 1394 4028 secundum
1425 3964 1640 4028 locum
1674 3964 2149 4047 peregrinatam
2183 3962 2410 4044 fuisse,
2451 3960 2519 4023 in
2558 3975 2691 4044 qua

356 4068 878 4151 peregrinatione
947 4068 1213 4133 multum
1288 4070 1580 4133 meritum
1664 4069 2033 4153 acquisivit.
2143 4064 2448 4145 Quolibet
2514 4063 2688 4127 enim

358 4181 535 4237 motu
575 4172 761 4236 liberi
801 4173 1045 4238 arbitrii
1082 4174 1466 4257 merebatur,
1493 4171 1642 4238 ideo
1677 4173 1746 4236 in
1786 4176 1960 4236 omni
2004 4173 2258 4236 actione
2298 4170 2684 4234 merebatur.

357 4273 564 4357 Cujus
619 4276 827 4361 prima
885 4279 1049 4342 ratio
1113 4280 1246 4342 est‘t
1337 4278 1714 4343 inteilectus
1768 4295 2029 4360 semper
2071 4284 2308 4340 -rectus
2363 4274 2501 4355 est‘,
2562 4270 2687 4334 nisi

356 4377 612 4463 quando
654 4398 732 4444 se
771 4382 1087 4454 immiscet
1146 4382 1608 4469 phantasticis,
1655 4390 1722 4445 et
1796 4380 2134 4445 deducitur
2192 4380 2273 4443 ab
2352 4379 2469 4447 eis,
2552 4371 2691 4464 ¹Sed
