3242 5259
1417 264 1546 341 869

313 444 498 510 multi
542 443 898 511 Christiani
939 446 1136 511 valde
1194 446 1486 512 laborant
1541 445 1627 511 ad
1686 444 2053 513 habendum
2095 448 2338 535 aliquid
2392 449 2476 514 de
2536 452 2649 517 illa

309 558 516 635 porta,
560 560 626 614 et
664 569 868 637 saepe
908 553 1133 617 mortis
1163 551 1473 637 periculis
1499 570 1575 616 se
1617 562 1947 636 exponunt
1991 554 2289 618 noctibus
2320 555 2646 619 acceden-

305 663 411 719 tes
473 664 539 718 et
582 654 665 719 de
709 676 790 720 ea
829 656 1152 723 vellentes
1198 657 1571 741 particulas.
1646 653 1928 735 Quidam
1971 659 2269 740 pecuniis
2311 678 2441 725 non
2490 679 2647 746 par-

306 770 482 845 cunt,
524 760 645 826 sed
687 761 1117 827 sarracenum
1160 762 1441 847 aliquem
1515 760 1870 846 disponunt
1908 778 2029 844 ‘pro
2070 763 2319 848 pretio,
2376 766 2489 849 qui
2562 765 2647 831 de

311 883 393 927 ea
442 864 803 952 discerpat,
870 875 937 930 et
999 867 1098 930 eis
1140 866 1379 930 tribuat
1413 885 1682 950 cuprum
1723 865 1836 928 vel
1891 865 2136 949 lignum
2176 882 2293 951 pro
2362 870 2518 935 a'uro
2581 882 2651 935 et

306 978 599 1054 argento.
684 969 907 1036 Causa
949 980 1181 1056 autem,
1218 989 1421 1055 quare
1464 969 1776 1054 reliquiae
1816 969 1993 1033 illius
2028 979 2255 1054 portae
2292 972 2388 1036 ita
2456 988 2646 1038 carae

310 1082 488 1158 sunt,
533 1085 655 1159 est,
700 1076 852 1160 quia
893 1073 1127 1139 dicitur
1166 1075 1287 1156 (an
1312 1076 1831 1158 superstitiosum
1873 1074 1983 1158 sit,
2024 1076 2313 1160 ignoro),
2352 1078 2650 1161 quicum-

312 1200 443 1266 que
488 1180 731 1266 aliquid
785 1179 868 1245 de
922 1180 1038 1244 illa
1092 1189 1282 1263 porta
1335 1197 1558 1244 secum
1600 1186 1815 1263 portat
1836 1221 1860 1262 ,
1932 1176 2103 1262 quod
2169 1180 2513 1265 apoplexia
2583 1192 2651 1247 et

311 1289 575 1350 morbus
646 1285 932 1351 caducus
1014 1294 1083 1349 et
1169 1284 1547 1370 pestilentia
1622 1302 1771 1346 eum
1849 1301 1976 1346 non
2046 1292 2263 1366 potest
2312 1286 2640 1351 invadere.

309 1391 500 1454 quta
539 1392 708 1457 hanc
747 1400 997 1476 portam
1041 1390 1384 1475 quondam,
1428 1387 1579 1451 dum
1621 1383 1978 1452 Christiani
2017 1387 2387 1461 Jerusalem
2439 1390 2645 1456 habe-

309 1493 491 1579 bant,
534 1494 734 1559 flebat
778 1513 1077 1579 magnam
1124 1495 1363 1558 festum
1405 1496 1476 1558 in
1541 1491 1648 1557 die
1686 1493 2059 1576 palmarum.
2104 1493 2280 1558 Nam
2315 1494 2382 1557 in
2422 1493 2651 1578 vigilia

308 1599 420 1662 vel
460 1599 774 1663 sabbatho
844 1600 1198 1683 palmarum
1244 1599 1458 1662 clerus
1502 1599 1712 1662 omnis
1753 1598 1821 1660 in
1862 1598 2245 1662 Bethaniam
2290 1600 2543 1683 exibat,
2583 1609 2652 1667 et

309 1703 574 1786 vigilias
616 1724 733 1788 per
776 1712 1027 1767 noctem
1074 1702 1483 1766 celebrabant
1524 1702 1592 1764 in
1635 1703 1919 1767 ecclesia
1965 1704 2181 1766 sancti
2237 1703 2475 1767 Lazari
2497 1748 2519 1788 ,
2583 1712 2652 1767 et

307 1808 695 1892 crepusculo
737 1826 881 1873 cum
926 1810 1343 1892 processione
1383 1805 1817 1870 ascenderunt
1861 1806 1942 1870 de
1980 1808 2298 1872 Bethania
2331 1809 2397 1871 in
2437 1800 2649 1871 Beth-

312 1914 559 1996 phage,
587 1922 676 1976 ·et
718 1915 808 1976 ibi
847 1912 1130 1997 aliquem
1189 1911 1273 1976 de
1327 1913 1580 1996 magnis
1646 1912 1972 1995 episcopis
2035 1920 2398 1996 posuerunt
2453 1930 2652 1997 super

313 2020 587 2102 asinum,
629 2017 960 2083 inductum
1000 2017 1511 2082 sacerdotalibus
1551 2018 1868 2099 vestibus,
1913 2026 1977 2079 et
2038 2027 2265 2082 contra
2323 2018 2651 2081 civitatem

309 2130 606 2186 sanctam
626 2132 1098 2206 processerunt.
1142 2123 1259 2186 Eis
1274 2132 1488 2186 autem
1511 2119 2058 2183 descendentibus
2073 2118 2155 2184 de
2167 2129 2385 2185 monte
2410 2119 2654 2184 oliveti

317 2227 547 2311 reliqui
587 2227 806 2292 clerici
848 2238 914 2292 et
955 2229 1243 2312 religiosi
1284 2246 1433 2292 cum
1476 2227 1784 2289 universa
1824 2223 2017 2306 plebe
2074 2223 2157 2287 de
2219 2225 2488 2287 civitate
2551 2226 2650 2288 eis

321 2331 576 2395 obviam
621 2351 768 2396 cum
812 2334 1009 2396 ramis
1031 2332 1381 2416 palmarum
1428 2323 1910 2415 processerunt,
1955 2337 2019 2393 et
2050 2327 2240 2393 modo
2269 2327 2652 2412 evangelico

314 2433 399 2498 de
441 2437 631 2505 olivis
659 2455 873 2501 ramos
914 2437 1270 2501 caedebant
1308 2446 1375 2499 et
1394 2434 1816 2519 projiciebant
1856 2434 1923 2499 in
1943 2433 2139 2516 viam,
2156 2442 2222 2497 et
2261 2436 2653 2498 vestimenta

316 2558 441 2605 sua
474 2543 669 2605 invia
690 2545 1182 2627 prosternebant
1202 2542 1592 2605 clamantes:
1626 2537 1917 2623 Osanna,
1940 2546 2063 2601 etc.
2083 2538 2336 2601 Etcum
2373 2537 2455 2602 de
2474 2537 2652 2602 valle

317 2663 574 2709 sursum
612 2655 834 2710 contra
860 2655 1110 2730 portam
1153 2645 1601 2727 ascenderent,
1643 2652 1864 2727 portas
1905 2644 2085 2726 ipsas
2128 2640 2533 2725 claudebant,
2585 2652 2654 2705 et

311 2750 593 2833 Juvenes
618 2769 814 2835 supra
831 2754 1053 2815 turrim
1073 2752 1356 2835 stabant,
1379 2758 1754 2815 cantantes:
1801 2745 2048 2831 Gloria,
2069 2747 2250 2811 Laus
2285 2756 2352 2810 et
2372 2755 2650 2828 caetera,

319 2857 402 2919 Et
441 2856 620 2920 finito
663 2854 903 2940 hymno
949 2853 1353 2919 deducebant
1394 2858 1768 2939 episcopum
1814 2872 1961 2918 cum
2029 2869 2268 2937 magno
2319 2850 2525 2934 jubilo
2580 2851 2649 2913 in

318 2961 644 3045 templum.
741 2960 900 3025 Post
940 2960 1368 3045 perditionem
1408 2979 1568 3024 vero
1610 2960 1900 3027 civitatis
1941 2966 2208 3022 sanctae
2271 2967 2337 3021 et
2375 2957 2650 3020 Latino·

322 3086 461 3131 rum
514 3066 961 3152 expulsionem
1005 3068 1543 3130 continuaverunt
1562 3065 1857 3129 Armenii
1898 3082 2046 3127 cum
2089 3082 2307 3127 eorum
2343 3063 2651 3145 episcopo

319 3171 490 3237 hanc
535 3171 958 3236 festivitatem
1000 3171 1224 3236 multis
1266 3173 1478 3253 annis,
1521 3188 1858 3255 quousque
1879 3168 2131 3234 diabolo
2174 3170 2530 3253 instigante
2560 3168 2650 3231 ibi

318 3292 477 3338 suos
521 3275 856 3341 damnatos
904 3285 1189 3340 mortuos
1221 3275 1501 3359 sepelire
1540 3285 1925 3359 coeperunt,
1969 3283 2037 3336 et
2077 3293 2160 3337 ex
2204 3283 2357 3337 tunc
2397 3281 2649 3357 portam

320 3378 800 3461 obturaverunt.
884 3379 1080 3444 Nunc
1119 3398 1279 3443 vero
1321 3383 1418 3443 ita
1457 3380 1626 3443 diem
1671 3379 2024 3463 palmarum
2088 3378 2444 3441 festinant:
2501 3374 2649 3459 ipso

322 3479 428 3544 die
463 3489 612 3566 post
651 3479 954 3546 Officium
997 3480 1284 3548 divinum
1327 3495 1392 3549 et
1456 3486 1582 3550 cibi
1645 3484 2031 3548 sumtionem
2112 3489 2356 3545 exeunt
2416 3479 2652 3544 fratres

321 3586 556 3648 montis
580 3583 763 3669 Syon
806 3588 873 3649 in
913 3587 1313 3672 Bethaniam,
1356 3597 1422 3652 et
1463 3607 1610 3652 cum
1643 3584 2064 3671 processione
2100 3592 2166 3646 et
2192 3592 2385 3647 cantu
2413 3599 2652 3645 asceu-

325 3689 483 3754 dunt
523 3691 590 3754 in
628 3691 990 3776 Bethpage,
1031 3690 1244 3774 (14²
1259 3693 1365 3771 A)
1409 3694 1629 3777 ibique
1669 3692 1950 3774 aliquem
1995 3688 2255 3752 fratrem
2298 3688 2508 3750 sacris
2544 3688 2654 3750 in-

322 3795 545 3861 dutum
587 3804 833 3881 ponunt
873 3814 1073 3882 super
1109 3800 1384 3880 asinum,
1427 3805 1494 3859 et
1529 3814 1676 3859 cum
1698 3793 1994 3859 laudibus
2022 3793 2233 3877 ipsum
2260 3791 2650 3855 comitantur

319 3910 546 3965 contra
586 3901 952 3985 civitatem„
1006 3904 1082 3965 Iu
1126 3900 1450 3967 descensu
1492 3909 1708 3967 autem
1749 3901 1986 3965 montis
2027 3897 2267 3961 oliveti
2309 3903 2654 3960 accurrunt

318 4005 420 4069 eis
459 4006 701 4070 caeteri
741 4002 1096 4069 Christiani
1138 4005 1486 4070 orientales
1523 4023 1673 4069 cum
1716 4005 1911 4069 ramis
1930 4002 2282 4088 palmarum
2328 4011 2397 4064 et
2440 4001 2652 4066 oliva-

317 4125 458 4173 rum
513 4118 582 4173 et
635 4127 784 4174 cum
824 4113 1339 4195 prosternatione
1377 4090 1909 4177 vestimentorum
1932 4152 1955 4190 ,
2013 4117 2081 4170 et
2135 4105 2462 4170 deducunt
2502 4124 2650 4170 eum

319 4224 527 4296 usque
567 4213 635 4275 in
679 4223 1027 4281 torrentem
1070 4213 1363 4300 Cedron,
1399 4221 1466 4277 et
1509 4212 1598 4277 ibi
1640 4212 1860 4277 finitur
1899 4212 2265 4296 processio,
2304 4229 2434 4274 nou
2477 4211 2648 4272 enim

321 4311 563 4377 audent
598 4317 698 4380 sic
737 4337 885 4384 cum
927 4318 1224 4385 laudibus
1265 4324 1496 4383 contra
1536 4317 1865 4381 civitatem
1893 4313 2268 4398 ascendere,
2309 4332 2397 4376 ne
2414 4311 2652 4374 Sarra·-

2159 4415 2230 4472 24
