3242 5259
1361 350 1482 415 461

271 530 527 613 spirans
573 529 656 594 de
697 529 1099 595 infantilibus
1141 531 1446 595 membris
1482 532 1664 616 pueri
1705 530 1906 614 Jesu,
1950 541 2018 594 et
2072 531 2153 595 de
2196 534 2602 598 castissimae

273 635 496 697 matris
537 635 683 717 ejus
726 653 995 719 corpore
1036 633 1438 717 derelictus?
1497 634 1697 714 Forte
1740 636 2012 718 contigit
2053 637 2172 699 tibi
2212 639 2378 701 sieut
2436 630 2599 703 ava-

271 739 524 802 rissimo
589 739 804 802 Judae
869 738 1207 823 proditori,
1272 741 1383 821 qui
1426 759 1510 802 ex
1563 741 1958 804 suavissimo
2027 740 2223 804 odore
2288 747 2600 826 unguenti

271 843 463 906 effusi
524 862 721 928 super
775 852 969 927 caput
1031 842 1229 924 Jesu,
1295 862 1424 927 quo
1484 838 1631 907 tota‘
1677 844 1905 908 domus
1961 845 2223 928 impleta
2279 848 2599 931 scribitur,

273 950 483 1030 magis
541 949 663 1012 fuit
733 957 1191 1032 exasperatus,
1276 949 1585 1011 incensus
1681 957 1749 1011 et
1814 957 2173 1013 commotus
2246 967 2453 1033 usque
2516 952 2599 1015 ad

271 1053 564 1133 magistri
603 1053 706 1115 sui
746 1050 1181 1115 venditionem
1232 1060 1297 1114 et
1354 1049 1862 1115 crudelissimam
1921 1052 2346 1115 traditionem.
2430 1054 2598 1119 Pro-

271 1153 476 1237 fecto,
518 1165 892 1239 suspectum
935 1165 1001 1218 te
1063 1157 1305 1238 habeo,
1369 1154 1540 1238 quod
1584 1155 1646 1218 si
1687 1164 1978 1241 tempore
2021 1157 2209 1219 trium
2254 1158 2597 1240 Magorum

269 1258 609 1343 affuisses,
654 1278 919 1324 munera
958 1260 1176 1323 oblata
1220 1261 1466 1323 furatus
1509 1260 1775 1345 fuisses,
1816 1269 1882 1324 et
1925 1279 2193 1344 puerum
2237 1261 2596 1346 parvulum,

267 1372 535 1426 matrem
577 1367 1015 1448 tenerrimam,
1051 1364 1303 1449 Joseph
1354 1367 1824 1449 pauperrimum
1844 1409 1865 1447 ,
1907 1365 2053 1428 siue
2099 1366 2493 1430 verecundia
2533 1377 2598 1432 ct

264 1472 460 1530 venia
500 1469 881 1550 spoliasses.
966 1468 1102 1532 Sed
1146 1468 1303 1553 quid
1342 1471 1600 1552 longius
1645 1489 1892 1552 moror,
1940 1470 2175 1533 furtum
2221 1479 2399 1534 tuum
2442 1472 2598 1536 nihil

267 1582 457 1636 nocet
498 1572 803 1657 parvulo,
860 1576 1014 1657 quia
1055 1592 1185 1637 non
1253 1582 1499 1636 tantum
1552 1573 2000 1655 jamveniunt
2040 1574 2121 1636 ab
2168 1575 2417 1639 oriente
2460 1585 2599 1640 tres

269 1695 460 1761 reges
501 1677 726 1761 semel,
777 1677 897 1740 sed
940 1677 1119 1740 multi
1169 1678 1487 1739 turmatim
1534 1678 1662 1740 huc
1700 1686 1965 1740 currunt
2008 1695 2050 1740 a
2090 1688 2366 1761 quatuor
2408 1702 2598 1744 mun-

274 1782 339 1845 di
381 1782 629 1867 plagis,
690 1791 754 1844 et
799 1780 1065 1844 cottidie
1139 1780 1420 1844 offerunt
1463 1799 1574 1865 ea,
1640 1799 1808 1865 quae
1851 1798 1893 1843 a
1931 1800 2132 1864 puero
2175 1786 2594 1867 accipiuntur.

268 1888 416 1949 Nec
481 1887 718 1949 furtum
785 1894 958 1948 tuum
1024 1883 1370 1955 offerentes
1424 1888 1648 1950 merito
1703 1886 1949 1969 privat,
2011 1886 2182 1949 sicut
2231 1905 2356 1950 nec
2396 1890 2595 1973 illum,

266 1992 372 2073 cui
416 1988 666 2054 furatus
719 2006 794 2052 es
839 1989 1130 2072 minima,
1175 2000 1240 2053 et
1294 1992 1535 2072 pietate
1567 1990 1851 2075 spoliat,
1916 2009 2106 2073 quam
2170 1993 2429 2057 exhibet
2470 1997 2595 2059 sibi

266 2095 706 2177 offerentibus,
742 2102 807 2156 et
839 2092 1085 2176 justam
1135 2094 1483 2158 vindictam
1526 2113 1647 2159 suo
1690 2102 1982 2177 tempore
2024 2094 2140 2158 tibi
2183 2113 2328 2157 cum
2344 2107 2597 2161 -caete-

267 2199 356 2260 ris
405 2197 592 2261 malis
634 2205 998 2264 conservat.
1085 2196 1371 2261 Similem
1416 2198 1948 2262 exclamationem
2012 2199 2258 2262 invehit
2301 2201 2595 2285 Jerony-

268 2319 412 2364 mus
475 2310 698 2364 contra
765 2300 1170 2385 sacrilegium
1238 2303 1305 2364 in
1369 2301 1597 2366 eadem
1661 2302 1941 2365 ecclesia
2018 2284 2466 2389 commissum,
2530 2308 2597 2370 in

263 2406 561 2489 Epistola
602 2407 1038 2490 obJurgatoria
1078 2413 1304 2470 contra
1331 2404 1751 2470 Sabinianum
1792 2405 2152 2489 diaconum,
2182 2406 2596 2474 seductorem

263 2510 612 2575 susannae
651 2511 946 2593 virginis.

431 2618 635 2699 Igitur
678 2616 827 2680 dum
872 2614 1110 2679 domini
1169 2602 1405 2676 misstes
1447 2614 1873 2698 obtulissent,
1939 2622 2010 2677 et
2057 2614 2323 2680 donaria
2367 2636 2597 2680 nume-

264 2726 514 2798 rarent,
579 2720 912 2783 inventum
954 2726 1060 2782 est
1104 2718 1340 2781 adesse
1384 2718 1628 2801 furem,
1672 2727 1737 2781 et
1778 2721 2381 2801 circumspicientes
2422 2720 2598 2783 vidi-

265 2840 412 2886 mus
454 2822 629 2885 illum
674 2825 1088 2905 orientalem,
1161 2830 1225 2885 et
1269 2821 1448 2884 nullo
1492 2822 1680 2885 modo
1738 2816 2205 2907 dubitavimus,
2246 2825 2368 2886 nisi
2427 2823 2599 2907 quod

261 2928 405 3013 ipse
448 2927 636 2990 nefas
679 2929 1128 2993 commisisset.
1177 2922 1797 3009 comprehendimus
1841 2937 2052 2990 autem
2099 2947 2244 2991 eum
2290 2929 2357 2990 in
2408 2946 2600 2992 saera

261 3032 609 3115 spelunea,
685 3041 754 3094 et
813 3040 1297 3116 perscrutantes
1367 3030 1735 3094 invenimus
1802 3050 2064 3114 aurum,
2145 3040 2210 3094 et
2266 3033 2597 3121 coegimus

238 3156 410 3206 ,eum
452 3137 535 3200 ad
581 3136 789 3201 locum
832 3154 1182 3220 reponere,
1226 3142 1289 3196 et
1333 3133 1459 3196 hoc
1481 3134 1671 3227 *facto
1715 3136 2066 3218 repulimus
2110 3156 2254 3200 eum
2299 3155 2340 3201 a
2388 3138 2594 3199 nobis.

261 3242 412 3303 Hoc
470 3242 706 3305 furtum
768 3242 1008 3309 factum
1052 3248 1154 3303 est
1198 3240 1263 3300 in
1326 3255 1473 3299 mea
1527 3239 1734 3320 prima
1799 3242 2360 3324 peregrinatione,
2418 3250 2483 3303 et
2530 3241 2597 3304 in

259 3343 550 3407 secunda
585 3346 802 3408 simile
864 3345 1131 3427 contigit
1190 3361 1309 3425 per
1349 3360 1550 3405 unum
1591 3341 2019 3421 Sarracpnum
2038 3391 2058 3428 ,
2105 3345 2216 3429 qui
2259 3346 2594 3408 nobiscum

259 3449 602 3530 ingressus
651 3448 894 3529 fuerat,
958 3456 1023 3509 et
1084 3446 1164 3509 ad
1229 3448 1440 3510 locum
1503 3446 1852 3510 inclinatus
1913 3458 2233 3532 tamquam
2299 3457 2596 3511 oraturus

258 3551 513 3616 occulte
551 3551 895 3633 pecuniam
936 3550 1258 3632 surripuit.
1348 3547 1627 3625 Quidam
1672 3561 1887 3615 autem
1933 3553 2262 3637 peregrini
2305 3536 2595 3616 astantes

256 3666 327 3720 et:
366 3656 580 3721 dolum
645 3655 946 3719 videntes
1017 3644 1162 3716 cum'
1219 3654 1498 3716 insecuti
1559 3663 1744 3736 aunt,
1813 3663 1878 3718 et
1938 3657 2465 3739 comprehensum
2527 3656 2596 3719 in

255 3779 523 3845 specum
569 3778 825 3823 sacrum
869 3760 1272 3839 retraximus,
1313 3756 1654 3839 plurimum
1702 3759 2158 3823 reclamantem
2201 3770 2266 3823 et
2304 3750 2597 3824 reniten-

257 3874 409 3929 tem.
499 3864 663 3928 Cum
709 3881 944 3947 magna
986 3882 1142 3948 ergo
1202 3863 1511 3929 violentia
1565 3863 1693 3926 sibi
1758 3882 1986 3927 manus
2060 3866 2463 3948 aperuimus,
2532 3875 2599 3928 et

255 3972 597 4053 pecuniam
662 3966 1063 4052 invenimus,
1136 3984 1267 4052 qua
1328 3974 1602 4051 accepta
1676 3985 1820 4031 eum
1888 3967 2329 4055 indignatione
2389 3970 2597 4034 furem

255 4074 581 4138 infidelem
626 4082 813 4137 extra
854 4056 1182 4161 trusimus.
1229 4074 1305 4134 In
1347 4071 1480 4134 fine
1521 4091 1679 4155 ergo
1712 4072 1930 4136 locum
1961 4072 2320 4138 deosculati
2349 4091 2597 4155 sumus,

259 4186 327 4241 et
357 4178 614 4242 lieentia
641 4185 916 4262 accepta
949 4199 992 4241 a
1022 4185 1254 4241 sancta
1283 4194 1607 4261 puerpera
1622 4175 1704 4239 de
1730 4176 1875 4240 lacu
1918 4176 2127 4259 [loco]
2163 4177 2598 4260 ascendimus,

264 4290 333 4344 et
373 4283 623 4362 egressi
686 4283 1034 4348 ecelesiam
1092 4284 1318 4347 asinos
1362 4279 1813 4364 ascendimus,
1884 4290 1950 4345 et
1989 4301 2109 4365 per
2162 4287 2359 4364 viam,
2404 4299 2599 4364 quam

263 4384 600 4466 venimus,
676 4388 962 4495 regressi
1026 4406 1256 4454 sumus
1325 4390 1392 4453 ἰιι
1476 4386 1880 4471 Jerusalem,
1961 4395 2031 4450 et
2090 4370 2181 4451 ibi
2262 4382 2598 4468 prandium
