3242 5259
1450 281 1575 354 8⁷1

619 436 757 548 ‘De
806 467 1008 547 valle
1050 466 1439 570 Josapbat,
1488 477 1566 544 et
1617 464 1717 542 de
1760 472 2085 542 torrente
2118 464 2442 546 Cedron.

523 593 638 660 Ab
688 594 817 659 hoc
871 591 1018 656 loco
1073 598 1553 672 consequenter
1621 586 2080 653 descendimus
2148 588 2216 650 in
2279 588 2516 653 vallem
2572 590 2701 654 Jo-

361 698 619 784 saphat,
680 716 893 784 usque
933 698 1002 761 in
1044 704 1391 759 torrentem
1437 691 1719 756 Cedron.
1811 690 1999 755 Haec
2039 691 2235 756 vallis
2276 694 2404 759 alio
2444 696 2703 759 nomine

360 805 594 870 dicitur
671 803 835 867 Cela
857 848 879 886 ,
955 799 1313 864 secundum
1378 799 1846 880 Hieronymum
1868 840 1889 878 ‚
1956 806 2024 860 et
2093 805 2348 863 torrens
2438 796 2700 865 Cedron

363 910 618 1007 diciturb
652 907 1027 972 Chrinarus.
1123 903 1379 968 Dicitur
1449 912 1664 966 autem
1725 900 1921 965 vallis
1974 901 2296 987 Josaphat
2346 921 2426 968 eo
2443 949 2464 988 ,
2526 904 2701 990 q'uod

362 1032 481 1078 rex
535 1011 857 1097 Josaphat
934 1008 1228 1073 solemne
1294 1005 1715 1092 sepulchrum
1792 1003 1938 1086 (B)
2019 1006 2087 1069 in
2158 1024 2239 1072 ea
2298 1008 2426 1073 sibi
2487 1008 2703 1075 excidi

359 1119 648 1202 fecerat,
706 1116 792 1180 de
843 1132 976 1199 quo
1031 1110 1283 1179 dicetur
1345 1111 1455 1177 fol.
1527 1109 1652 1176 128
1723 1110 1806 1172 A.
1916 1110 2214 1176 lnflmum
2272 1112 2448 1178 illius
2504 1114 2705 1180 vallis

362 1222 596 1286 dicitur
679 1229 933 1284 torrens
1012 1217 1272 1282 Cedron
1295 1262 1316 1299 ,
1376 1217 1488 1301 qui
1561 1212 1824 1299 quidem
1901 1223 2157 1280 torrens
2219 1219 2473 1284 aestivo
2534 1229 2704 1284 tem-

359 1346 518 1413 pore
582 1326 802 1389 siccus
866 1332 933 1387 et
1011 1321 1292 1388 torridus
1361 1329 1468 1385 est
1493 1366 1515 1406 ,
1573 1318 1695 1384 sed
1760 1320 2022 1387 hiemali
2079 1332 2369 1407 tempore
2429 1342 2513 1389 ex
2593 1342 2703 1388 re-

361 1430 696 1496 volutione
735 1429 986 1493 nivium
1029 1428 1171 1492 fluit
1214 1426 1419 1511 aquis.
1522 1423 1779 1489 Dicitur
1838 1426 2029 1490 etiam
2047 1472 2068 1511 ,
2138 1427 2313 1513 quod
2354 1427 2705 1514 aliquando

365 1553 564 1618 super
647 1542 993 1597 torrentem
1073 1533 1253 1601 illum
1353 1530 1595 1593 fuerint
1688 1529 1867 1594 cedri
1945 1531 2253 1616 plantati,
2364 1553 2402 1596 s
2467 1534 2705 1618 quibus

370 1640 582 1704 dictus
616 1641 705 1703 sit
748 1648 1000 1704 torrens
1040 1636 1301 1703 Cedron
1346 1645 1412 1699 et
1451 1633 1806 1699 cedrorum.
1866 1637 2055 1701 Haec
2102 1638 2296 1701 vallis
2338 1645 2407 1701 et
2448 1646 2703 1703 torrens

366 1747 547 1811 venit
589 1762 630 1808 a
668 1753 853 1829 parte
895 1743 1249 1828 aquilonari
1292 1752 1359 1806 et
1399 1750 1626 1805 contra
1667 1749 1956 1805 austrum
1977 1740 2339 1825 descendit,
2396 1742 2707 1807 dividens

367 1859 643 1915 montem
688 1848 971 1912 civitatis
1013 1857 1080 1910 et
1121 1848 1343 1933 templi
1385 1856 1452 1911 et
1495 1854 1776 1911 montem
1816 1845 2001 1930 Syon
2042 1855 2113 1910 et
2155 1844 2327 1912 Gion
2348 1892 2371 1930 ,
2400 1866 2444 1911 a
2484 1857 2704 1911 moute

367 1955 609 2019 Oliveti
631 1962 699 2017 et
741 1971 785 2016 a
830 1960 1048 2015 monte
1086 1951 1486 2034 offensionis,
1531 1961 1593 2014 et
1639 1952 2052 2016 continuatur
2096 1969 2243 2016 cum
2296 1951 2473 2017 valle
2515 1950 2706 2016 Siloe

372 2069 436 2124 et
471 2078 615 2123 cum
652 2059 829 2124 valle
869 2059 1179 2140 Hermon,
1222 2075 1392 2142 quae
1415 2066 1644 2121 contra
1682 2058 1992 2121 orientem
2027 2058 2338 2139 flectitur,
2388 2066 2455 2120 et
2486 2074 2701 2141 usque

377 2163 459 2227 ad
512 2162 858 2228 Sodomam
922 2162 1308 2226 extenditur.
1331 2161 1520 2227 Unde
1562 2172 1817 2226 torrens
1860 2160 2140 2244 cedron,
2186 2161 2446 2246 quando
2490 2179 2698 2247 aquas

378 2267 593 2352 habet,
634 2267 982 2331 decurrunt
1024 2285 1232 2352 aquae
1275 2269 1418 2351 ejus
1461 2285 1672 2351 usque
1712 2267 1778 2329 in
1820 2283 1998 2329 mare
2038 2272 2356 2328 mortuum
2400 2284 2517 2349 per
2558 2265 2706 2331 lon-

374 2388 529 2456 gum
571 2373 848 2456 spatium
899 2390 1148 2457 gyrans
1190 2375 1257 2437 in
1308 2373 1628 2437 curvitate
1682 2371 1895 2434 vallis.
1985 2370 2253 2434 Nouulli
2309 2380 2525 2434 tamen
2581 2390 2709 2436 vo-

376 2475 517 2539 lunt
559 2475 797 2559 dicere,
838 2475 1010 2561 quod
1054 2466 1308 2541 toi-reus
1331 2476 1590 2541 Cedron
1615 2477 1916 2540 habuerit
1954 2474 2103 2541 olim
2128 2475 2468 2540 continuas
2505 2492 2709 2561 aquas

378 2579 673 2663 fluentes,
717 2590 785 2644 et
823 2580 1035 2644 adhuc
1074 2583 1313 2647 habeat
1354 2583 1477 2647 sub
1523 2593 1695 2646 terra
1733 2590 2015 2644 meatum
2055 2598 2274 2665 suum,
2319 2584 2474 2666 quia
2514 2580 2709 2646 vallis

377 2685 492 2749 illa
528 2704 647 2769 per
686 2698 1163 2770 consequentes
1190 2687 1680 2753 devastationes
1723 2686 2009 2749 civitatis
2050 2694 2319 2749 sanctae
2360 2685 2481 2749 fnit
2503 2686 2707 2749 minis

380 2788 638 2872 injectis
692 2791 938 2874 repleta
1002 2792 1072 2856 in
1129 2794 1295 2876 imo,
1357 2801 1424 2856 et
1485 2793 1605 2856 sub
1660 2790 1792 2854 illis
1848 2789 2052 2854 ruinis
2106 2788 2327 2854 dicunt
2366 2790 2707 2854 decursum

381 2894 687 2958 torrentis
731 2896 1191 2981 sempiternum
1233 2916 1402 2961 esse.
1490 2894 1681 2975 Quod
1725 2912 1851 2979 ego
1893 2913 2021 2959 non
2041 2893 2236 2959 credo
2277 2912 2431 2959 esse
2461 2912 2709 2975 verim,

381 3001 534 3083 quia
572 3018 691 3083 per
729 2999 968 3063 vallem
1016 2999 1192 3064 illam
1236 3000 1544 3064 descendi
1595 3018 1806 3084 usque
1866 3000 1933 3063 in
1974 2997 2364 3082 Sodomam,
2423 2999 2618 3082 longe
2671 3017 2712 3061 a

377 3104 743 3168 Jerusalem
785 3123 902 3188 per
942 3104 1487 3188 profundissimos
1528 3111 1869 3188 torrentes,
1909 3105 2020 3167 ubi
2061 3103 2278 3168 nullae
2319 3105 2542 3168 ruinae
2560 3113 2715 3167 sunt

380 3209 693 3292 injectae,
737 3218 1062 3273 ettamen
1115 3228 1248 3273 non
1304 3204 1553 3292 guttam
1618 3227 1830 3292 aquae
1890 3226 2151 3293 semper
2208 3208 2471 3275 fluentis
2531 3209 2711 3292 potui

380 3312 834 3396 considerare,·
851 3312 973 3378 sed
1013 3312 1224 3378 solum
1263 3314 1512 3379 siccum
1554 3320 1925 3396 torrentem,
1965 3333 2083 3397 per
2123 3332 2315 3397 quem
2359 3331 2481 3378 suo
2543 3302 2715 3376 t'em-

384 3435 544 3501 pore
584 3426 687 3479 est
727 3434 1036 3502 aquarum
1079 3415 1398 3482 decursus
1431 3416 1515 3481 ad
1558 3417 1804 3500 horam,
1843 3434 1967 3491 nec
2017 3419 2107 3481 sit
2172 3417 2434 3481 dubium
2495 3416 2713 3500 elicui,

385 3522 448 3587 si
489 3530 740 3586 torrens
779 3522 891 3586 ille
924 3522 1262 3587 habuisset
1303 3522 1660 3606 antiquitus
1699 3539 1907 3605 aquas
1944 3538 2206 3604 semper
2241 3538 2331 3584 ex
2373 3520 2553 3583 fonte
2571 3538 2716 3613 ms-

386 3634 646 3710 nantes,
692 3627 820 3692 hoc
860 3644 1053 3693 sacra
1070 3626 1409 3712 Scriptura
1448 3643 1856 3711 nequaquam
1901 3624 2230 3689 tacuisset.
2272 3623 2358 3687 Et
2399 3621 2459 3686 si
2500 3622 2714 3687 adhue
2764 3668 2769 3673 -

309 3736 332 3753 ⁸
385 3732 510 3795 sub
549 3741 932 3799 terra-esset
969 3733 1408 3816 sempiternus
1446 3732 1590 3814 ejus
1610 3731 1845 3812 fluxus,
1865 3729 2369 3813 Jerosolymitae
2402 3724 2717 3810 adjutorio

386 3839 668 3902 omnium
753 3837 1158 3903 orientalium
1234 3835 1534 3901 foderent
1601 3853 1814 3919 usque
1875 3831 1957 3896 ad
2012 3831 2247 3917 ripam,
2297 3833 2450 3919 quia
2508 3850 2718 3921 aquas

387 3942 586 4005 vivae
625 3942 954 4024 pretiosae
996 3950 1151 4007 sunt
1191 3943 1260 4007 in
1302 3939 1694 4021 Jerusalem,
1736 3946 1804 4002 et
1843 3936 2137 4023 indigent
2179 3938 2309 4024 eis,
2371 3949 2439 4003 et
2477 3938 2717 4003 dudu-

385 4062 498 4110 ars
538 4047 804 4110 inventa
843 4046 1108 4132 fuisset,
1149 4045 1323 4131 quod
1359 4062 1571 4130 aquae
1608 4060 1869 4108 sursum
1938 4044 2008 4106 ln
2044 4043 2374 4131 civitatem
2431 4042 2720 4109 directae

389 4146 691 4235 fuissem,
733 4151 906 4216 sicut
946 4168 1159 4236 aquae
1200 4149 1399 4214 fontis
1437 4147 1620 4213 Silae
1634 4190 1658 4231 ,
1699 4165 1866 4233 quas
1922 4148 2079 4213 dicit
2119 4148 2336 4216 Nicol.
2397 4148 2479 4212 de
2540 4148 2721 4233 hyra

387 4251 456 4314 in
499 4254 830 4319 civitatem
857 4272 1120 4321 sursum
1159 4252 1481 4338 quondam
1524 4269 1786 4316 cursam
1808 4252 2162 4338 habuisse3
2205 4250 2291 4317 ds
2331 4271 2459 4338 quo
2502 4262 2721 4315 umen

393 4354 658 4419 multum
701 4360 918 4441 miror,
956 4378 1104 4424 cum
1148 4360 1298 4425 fens
1340 4358 1451 4423 ille
1489 4357 1579 4422 sit
1619 4355 1938 4440 profunde
1980 4357 2104 4422 sub
2143 4365 2362 4513 mzrzte
2398 4355 2607 4439 Syou.
