3242 5259
304 560 639 624 recessum
682 541 1151 610 anhelavimus.
1233 544 1551 608 Iuvenum
1595 543 1768 608 enim
1822 542 2105 616 insultm
2145 553 2214 608 et
2260 545 2645 609 vexationes

304 649 688 716 crescebant
713 647 802 712 de
824 648 986 716 hora
1002 650 1070 710 in
1091 648 1335 732 horam,
1359 657 1422 713 et
1455 648 1740 713 vidimus
1761 650 1950 716 nobis
1986 668 2070 715 ex
2101 668 2283 714 mora
2315 650 2649 713 imminere

303 755 679 840 periculum,
721 754 874 838 quia
910 770 1083 817 nuuc
1122 752 1234 817 ille
1291 772 1466 818 nunc
1532 755 1663 819 iste
1728 756 2108 838 peregrinus
2163 763 2525 819 commotus
2561 773 2648 818 ex

305 853 606 945 irrogatis
666 859 919 942 injuriis
973 858 1349 924 excedebat.
1467 859 1657 924 Unde
1690 860 1960 945 quidam
2029 859 2263 924 leviter
2322 860 2652 945 percmsit
2726 841 2731 850 ⁵

306 966 625 1053 quendam
671 964 908 1028 malum
963 982 1232 1048 puerum
1268 964 1624 1048 jactantem
1668 984 1816 1030 eum
1862 984 2009 1029 cum
2065 964 2417 1049 lapidibus,
2475 962 2652 1050 quod

309 1073 522 1155 flevit,
585 1070 668 1134 ad
710 1068 900 1151 cujus
941 1070 1162 1133 fletum
1206 1074 1679 1135 concurrebant
1742 1070 2088 1136 Sarraccni
2130 1074 2303 1135 sicut
2345 1072 2526 1155 porci
2564 1067 2652 1132 ad

310 1177 756 1243 defensionem
818 1176 1161 1259 grinientis
1216 1178 1413 1260 socii,
1479 1185 1547 1240 et
1604 1196 1734 1241 nou
1791 1179 2000 1262 p'otuit
2059 1167 2476 1261 peregrinus,
2540 1175 2653 1260 qui

308 1302 579 1370 puerum
621 1290 1062 1365 percusserat,
1103 1281 1343 1346 habere
1384 1301 1611 1367 pacem
1634 1327 1656 1366 ,
1716 1285 1844 1349 nisi
1884 1285 2167 1368 pecunia
2207 1282 2427 1346 fletum
2469 1299 2653 1345 com-

311 1396 606 1473 pesceret
649 1388 851 1472 pueri.
938 1386 1108 1451 Sunt
1149 1388 1321 1451 enim
1362 1390 1622 1473 pejores
1666 1407 1944 1473 nequam
1964 1373 2261 1473 -juvenes
2305 1389 2371 1450 in
2418 1386 2653 1469 Rama,

311 1506 516 1579 quam·
551 1493 622 1557 in
666 1510 1055 1577 quocunque
1112 1491 1288 1576 loco,
1341 1493 1424 1557 ad
1470 1513 1662 1578 quem
1710 1495 2040 1578 peregrini
2101 1493 2465 1575 declinant,
2528 1508 2654 1553 nec

315 1600 467 1664 licet
511 1600 603 1662 ibi
630 1600 766 1662 vim
794 1598 864 1662 vi
906 1596 1238 1683 repellere.
1282 1599 1643 1664 'timuimus
1671 1618 1848 1683 ergo,
1872 1619 1955 1662 ne
1995 1598 2256 1683 aliquod
2297 1596 2654 1682 periculum

315 1706 810 1786 incurreremus,
890 1712 958 1766 et
1018 1701 1102 1765 ad
1161 1712 1470 1787 patronos
1522 1706 1921 1768 accessimus
1974 1704 2314 1787 instanter,
2356 1705 2656 1786 petentes

313 1810 674 1893 importune
717 1808 1119 1873 eductionem
1164 1806 1247 1871 de
1291 1809 1553 1873 fornace
1594 1810 1722 1873 hac
1765 1811 1993 1876 fei-rea.
2073 1812 2158 1877 Et
2200 1809 2655 1893 promiserunt,

316 1914 490 2000 quod
529 1922 682 1998 post
721 1915 944 1980 horam
987 1912 1303 1980 educendi
1345 1931 1667 1983 essemus.

581 2218 1002 2322 Descriptio
1050 2217 1367 2298 civitatis
1412 2225 1646 2298 Rama
1690 2181 2019 2324 sequitur
2066 2191 2374 2352 modica.

489 2415 637 2501 (B)
679 2417 911 2502 Rama,
951 2418 1097 2482 sive
1135 2418 1434 2502 Romula,
1475 2418 1714 2482 civitas
1759 2418 1971 2482 media
2012 2419 2182 2510 inter
2216 2415 2660 2508 Palaestinam

324 2528 396 2598 et
438 2522 791 2606 Judaeam,
835 2525 1238 2589 contermina
1261 2523 1645 2588 Philistaeis
1685 2531 1779 2590 et
1792 2523 2088 2612 Judaeis,
2125 2522 2223 2610 iu
2236 2523 2414 2585 so'rte
2454 2518 2683 2586 tribus·

324 2625 574 2712 Judae,
615 2629 682 2691 in
733 2628 901 2692 colle
956 2630 1119 2713 sita,
1160 2637 1424 2713 propter
1482 2627 1656 2712 quod
1699 2637 1768 2693 et
1807 2611 2021 2692 Rama
2060 2635 2164 2689 est
2207 2624 2416 2705 dicta,
2486 2615 2663 2704 qmd

327 2731 501 2795 idem
561 2741 666 2796 est
706 2733 881 2818 quod
930 2729 1298 2799 exc'elsum·
1280 2778 1300 2817 ,
1359 2734 1538 2798 unde
1579 2754 1710 2799 non
1766 2733 1987 2796 solum
2044 2730 2237 2813 illa„
2261 2726 2382 2792 sed
2442 2726 2665 2810 plum!

331 2834 500 2898 aliae
543 2837 842 2902 civitates
900 2838 1111 2902 Rama
1155 2848 1437 2903 ‚vocatae
1476 2846 1636 2906 sunt
1676 2840 1743 2902 in
1798 2845 1977 2902 terra
2030 2842 2296 2916 sancta,
2363 2848 2534 2915 quae
2594 2831 2667 2894 in

328 2941 484 3005 altis
543 2942 708 3006 locis
749 2950 905 3006 sunt
962 2943 1359 3007 aedificatae.
1445 2945 1521 3006 Iu
1563 2943 1788 3007 multis
1843 2950 2059 3004 tamen
2130 2946 2238 3003 est
2298 2935 2668 3001 differentia

328 3046 398 3109 in
440 3047 711 3110 termino
757 3045 1080 3126 dictionis,
1117 3048 1293 3112 unde
1327 3048 1580 3132 Rama,
1616 3066 1660 3112 a
1691 3064 1822 3133 qua
1838 3045 2184 3128 Ramatha,
2212 3041 2671 3128 Ramathaiinp,

329 3150 684 3235 Ramasse,
726 3151 1041 3237 Ramoth,
1083 3153 1392 3239 Ramula,
1437 3154 1863 3237 Aramathya.
1946 3153 2135 3215 Haec
2177 3157 2395 3214 autem
2432 3145 2673 3228 Rama,

328 3255 413 3320 de
455 3275 585 3341 qua
625 3275 840 3321 sermo
884 3264 1011 3341 est,
1049 3260 1471 3324 communiter
1511 3263 1581 3323 in
1621 3261 1947 3342 scriptura
1986 3256 2371 3338 nominatur,
2414 3252 2497 3316 dc
2537 3269 2671 3336 qua

331 3360 458 3425 suit
496 3361 568 3424 S.
612 3361 877 3436 Samuel
913 3363 1244 3448 ‘propheta
1284 3373 1496 3438 natus.
1562 3364 1777 3428 Hodie
1817 3371 1921 3425 est
1962 3362 2200 3425 civitas
2242 3359 2559 3444 populosa
2600 3366 2671 3420 et

333 3465 538 3549 major
575 3483 766 3549 quam
786 3461 1176 3552 Jerusalem,
1219 3476 1289 3532 et
1322 3470 1526 3532 nutrit
1554 3470 1790 3534 multos
1828 3475 2260 3548 mercatores3
2304 3463 2424 3530 sed
2464 3463 2675 3526 muris

333 3590 451 3654 per
491 3573 828 3637 circuitum
867 3592 996 3638 non
1050 3581 1155 3637 est
1192 3574 1362 3639 bene
1417 3574 1698 3656 munita,
1762 3574 1937 3635 sicut
1980 3581 2045 3635 et
2087 3577 2395 3634 caeterae
2433 3568 2683 3640 Serra-—

335 3695 642 3741 cenorum
697 3679 1008 3742 civitates
1057 3678 1261 3742 muris
1324 3684 1568 3744 carent.
1654 3676 1909 3739 Multae
1968 3675 2377 3738 Huschkeae
2411 3681 2564 3738 sunt
2604 3673 2677 3738 in

336 3798 450 3864 ea,
510 3791 578 3846 et
620 3802 737 3865 per
779 3783 1116 3847 circuitum
1159 3782 1322 3865 ejus.
1414 3784 1499 3845 Et
1543 3790 1648 3844 est
1708 3781 1837 3845 sita
1877 3782 1947 3845 in
2010 3779 2152 3846 loco
2216 3779 2679 3848 arnuenissimo

334 3893 404 3952 ct
445 3886 859 3952 fertilissimo.
947 3886 1182 3952 Omnia
1216 3895 1370 3954 sunt
1408 3887 1498 3951 ibi
1538 3887 1605 3949 in
1653 3888 1820 3950 bono
1863 3894 1931 3952 et
1973 3884 2104 3951 levi
2147 3885 2308 3970 foro,
2352 3894 2419 3952 ct
2461 3884 2679 3949 omnia

336 3998 495 4054 sunt
532 3992 623 4058 ibi
684 3993 920 4056 suavia
958 3999 1028 4054 et
1081 3994 1357 4076 optima:
1413 3990 1677 4075 dempto
1731 3989 2005 4074 populo,
2070 3993 2185 4074 qui
2242 3992 2577 4076 pessimus
2611 3998 2679 4054 ct

337 4096 757 4179 singulariter
828 4095 1220 4162 ChrIstianis
1283 4097 1588 4164 infestus.
1689 4095 1886 4160 Multi
1948 4097 2315 4181 Aethiopes
2360 4091 2529 4164 mali
2582 4093 2681 4160 ibi

336 4201 631 4268 habitant
672 4209 742 4265 et
759 4203 975 4266 Mauri
1018 4210 1087 4269 et
1125 4202 1298 4266 diae
1319 4211 1553 4286 gentes
1583 4202 2091 4280 irrationabiles
2122 4202 2227 4266 lle
2247 4202 2374 4267 hac
2409 4200 2685 4272 civitate

344 4308 584 4372 mentio
626 4307 699 4370 flt
739 4307 801 4373 8.
846 4306 1124 4394 Regum.
1177 4307 1275 4372 15.
1321 4315 1390 4370 et
1425 4306 1662 4384 matth.
1704 4304 1768 4368 2.

2192 4523 2258 4582 15
