3242 5259
1507 368 1640 438 20⁷

403 555 690 620 Veneris
731 562 1010 619 statuam
1053 570 1471 619 marmoream
1521 553 1588 618 in
1631 553 1774 638 ipso
1816 550 2166 640 collocans,
2211 562 2287 618 ut
2333 555 2531 619 refert
2557 552 2757 620 Jero-

403 680 642 744 nymus
671 663 741 725 in
784 662 974 743 epist.
1021 659 1103 722 ad
1143 659 1481 723 Paulinam
1506 705 1526 742 ,
1569 668 1639 722 et
1680 661 1751 723 in
1814 659 2034 723 odium
2086 658 2482 725 Judaeorum
2543 661 2761 745 posuit

405 775 686 831 statuam
731 785 883 830 curn
908 766 1194 849 imagine
1234 783 1359 829 sua
1398 765 1724 849 inlocum,
1768 766 1876 830 ubi
1911 767 2218 851 ternplum
2240 767 2506 834 Domini
2528 766 2759 849 fuerat,

403 875 474 935 in
516 889 646 956 quo
685 871 926 935 Judaei
990 873 1338 936 oratorium
1394 871 1726 957 fecerant,
1793 881 1864 936 et
1926 892 2118 957 quam
2162 874 2378 937 statim
2415 874 2762 957 imperator
2868 871 2891 888 ⁸

408 975 671 1040 dorsum
711 978 967 1041 civitati
1011 978 1229 1057 vertit,
1250 976 1492 1041 Judaei
1533 986 1814 1042 statuam
1837 979 2240 1062 imperatoris
2283 978 2756 1042 destruxerunt.

408 1079 597 1158 Quod
643 1081 918 1146 audiens
959 1082 1290 1147 Adrianus
1341 1101 1652 1147 reversus
1695 1092 1821 1169 est,
1866 1094 1934 1149 et
1984 1094 2186 1150 totam
2229 1085 2560 1149 civitatem
2604 1083 2758 1145 fun-

406 1186 585 1250 ditus
628 1188 864 1250 evertit
908 1188 1255 1252 eliminatis
1277 1188 1574 1272 Judaeis,
1629 1198 1694 1252 et
1737 1191 1912 1254 abiit.
1971 1191 2058 1254 Et
2098 1192 2193 1255 ita
2231 1192 2459 1255 iterum
2503 1189 2761 1252 fuerant

408 1293 571 1355 muri
611 1292 883 1375 projecti
940 1294 1008 1356 in
1071 1298 1457 1378 voraginem
1526 1311 1724 1376 supra
1786 1313 2042 1366 cruces.
2151 1296 2305 1360 Non
2369 1292 2571 1358 multo
2612 1302 2759 1376 post

406 1394 658 1460 Caesar
680 1397 866 1480 redit,
910 1407 978 1461 et
1020 1400 1347 1463 civitatem
1394 1399 1477 1463 de
1517 1419 1690 1463 novo
1738 1399 2145 1485 instauravit,
2190 1410 2260 1465 et
2296 1399 2648 1486 praecepit,
2685 1405 2760 1460 ut

405 1520 626 1565 murus
669 1505 975 1587 antiquus
1016 1504 1439 1569 occidentalis
1477 1504 1764 1568 totaliter
1818 1508 1885 1568 in
1947 1509 2324 1590 voraginem
2365 1504 2760 1590 praecipita-

408 1614 611 1684 retur,
659 1625 934 1692 eamque
944 1608 1143 1691 jussit
1182 1609 1440 1693 repleri,
1484 1619 1547 1673 et
1593 1609 1883 1696 reliquae
1901 1619 2112 1675 terrae
2133 1612 2418 1696 aequari,
2463 1618 2531 1673 et
2545 1618 2760 1691 temp-

407 1711 538 1775 lum
582 1712 867 1777 Veneris
911 1715 1109 1778 muris
1178 1715 1470 1778 civitatis
1515 1715 1838 1780 coiucludi
1855 1764 1878 1800 ,
1925 1727 1988 1780 et
2025 1737 2143 1800 pro
2199 1726 2376 1781 tanto·
2431 1715 2761 1779 civitatem

403 1818 785 1902 amplificari
832 1819 1008 1884 fecit.
1091 1822 1180 1882 Et
1224 1822 1322 1883 ita
1364 1820 1609 1884 factum
1653 1829 1774 1905 est,
1820 1823 1989 1905 quod
2033 1841 2281 1906 vorago
2318 1822 2469 1904 illa,
2512 1821 2581 1882 in
2622 1824 2761 1902 'qua

406 1934 634 1987 sancta
654 1945 814 1989 crux
828 1924 1033 2008 jacuit
1056 1943 1261 1989 annos
1299 1927 1557 1990 circiter
1599 1936 1858 1989 centum
1877 1927 2165 2008 LXXX,
2211 1938 2284 1991 ut
2317 1928 2758 2010 Hieronymus

344 2055 349 2060 ·
403 2030 472 2092 in
493 2030 737 2112 ...[loco
761 2029 1191 2114 &mundicia
1201 2049 1545 2115 quousque
1563 2039 1799 2095 sancta
1818 2032 2073 2096 Helena
2096 2035 2297 2117 venit,
2321 2041 2385 2095 et
2409 2034 2524 2095 vix
2548 2031 2758 2094 locum

402 2135 697 2202 invenire
734 2139 959 2219 potnit,
997 2137 1109 2220 qui
1152 2137 1222 2199 iu
1265 2136 1654 2200 oblivionem
1701 2146 1989 2201 venerat.
2035 2137 2324 2221 Specum
2366 2156 2521 2220 ergo
2566 2155 2758 2200 mun-

406 2236 607 2321 davit,
649 2249 713 2303 et
755 2259 902 2304 eum
944 2243 1314 2304 consecrari
1358 2241 1535 2322 fecit,
1574 2252 1641 2305 et
1695 2260 1882 2306 suam
1924 2243 2241 2326 capellam
2292 2252 2357 2306 et
2413 2242 2757 2305 habitatio-

405 2361 559 2406 nem
595 2344 874 2428 desuper
917 2348 1311 2429 construxit,
1353 2348 1522 2410 sicut
1572 2345 1768 2410 hodie
1835 2354 1960 2410 est.
2050 2345 2402 2411 Stabamus
2464 2365 2627 2429 ergo
2686 2346 2755 2408 in

406 2448 549 2512 loco
591 2450 701 2514 illo
745 2452 933 2534 quasi
975 2453 1139 2535 rapti
1180 2470 1344 2536 prae
1363 2450 1792 2516 admiratione
1835 2451 2249 2534 scopulorum
2298 2462 2363 2515 et
2405 2459 2754 2535 petrarum,

408 2555 532 2617 snb
555 2556 791 2640 quibus
840 2565 1069 2618 sancta
1106 2574 1268 2619 crux
1307 2558 1577 2619 inventa
1620 2556 1763 2641 fuit,
1802 2557 1957 2641 quia
2000 2575 2196 2640 rupes
2238 2556 2567 2642 praerupti
2589 2572 2756 2639 pen-

410 2656 653 2723 debunt
708 2677 907 2743 super
964 2661 1178 2744 capita
1240 2671 1490 2745 nostra,
1535 2662 1649 2745 qui
1693 2664 1942 2725 ruinam
1985 2662 2393 2727 minarentur.
2495 2662 2572 2723 ln
2635 2659 2760 2721 hac

413 2781 602 2827 sacra
640 2768 957 2850 voragine
1018 2764 1286 2830 multam
1344 2765 1753 2832 devotionern
1796 2766 2100 2830 hauriunt
2164 2766 2511 2853 peregrini.
2620 2761 2757 2826 Sed

412 2866 765 2934 Christiani
803 2871 1151 2935 orientales
1201 2879 1267 2934 et
1310 2874 1504 2934 etiam
1548 2870 1896 2935 Sarraceni
1951 2872 2020 2934 in
2084 2891 2165 2935 oa
2219 2880 2459 2936 vacant
2522 2886 2757 2952 super-

409 2975 778 3038 stitionibus
820 2978 1029 3039 vanis.
1091 2975 1262 3040 Nam
1305 2977 1389 3041 do
1440 2978 1709 3061 rupibus
1753 2978 1883 3042 illis
1942 2977 2148 3042 frusta
2212 2974 2601 3041 descindunt
2636 2992 2759 3058 pro

411 3080 776 3148 medicinis.
864 3083 1105 3145 Dicunt
1147 3084 1339 3167 euim,
1382 3081 1557 3166 qnod
1601 3083 2006 3167 febricitans,
2054 3085 2286 3148 bibens
2328 3081 2412 3146 de
2447 3083 2609 3145 vino
2647 3078 2758 3143 ve!

408 3203 597 3270 aqua,
662 3188 730 3250 in
770 3205 900 3271 qua
967 3187 1210 3272 aliquid
1275 3188 1357 3251 de
1412 3188 1543 3250 illis
1599 3189 1866 3273 rupibus
1926 3198 2031 3253 est
2091 3188 2465 3273 impositum
2481 3232 2501 3270 ,
2559 3203 2754 3270 qnam

410 3292 628 3353 statim
670 3300 954 3355 sanetur.
1019 3296 1313 3376 Insuper,
1356 3292 1507 3358 dum
1552 3296 1699 3378 quis
1743 3295 1943 3356 seruiit
1987 3296 2223 3376 capitis
2264 3293 2568 3372 dolorem,
2616 3304 2760 3356 sta.-

409 3395 525 3458 tim
569 3414 819 3461 comam
858 3398 1094 3481 capitis
1137 3398 1359 3462 abradi
1404 3398 1593 3483 facit,
1658 3408 1723 3464 et
1771 3404 1935 3484 pilos
1983 3404 2247 3460 abrasus
2308 3400 2388 3460 ad
2452 3396 2760 3460 custodes

409 3501 627 3585 templi
673 3503 887 3585 mittit,
930 3512 1000 3566 ut
1043 3503 1376 3584 imponant
1416 3504 1560 3569 loco
1618 3507 1927 3568 inventae·
1975 3516 2243 3564 sanctae
2288 3504 2516 3564 crucia
2568 3500 2756 3576 Quod

412 3603 565 3671 dnm
609 3607 851 3672 factum
894 3616 1018 3692 est,
1062 3619 1333 3672 sanatur
1372 3608 1618 3672 dolens.
1707 3612 2019 3672 Similiter
2071 3612 2312 3668 faciunt
2336 3656 2352 3688 ,
2416 3608 2564 3668 dum
2612 3608 2760 3688 quis

412 3711 697 3777 dentium
737 3713 1022 3779 dolorem
1071 3714 1328 3795 patitur.
1435 3713 1622 3776 Tunc
1667 3716 1923 3776 barbam
1987 3716 2280 3776 ahu-asam
2364 3716 2424 3772 in
2492 3728 2756 3792 specum

411 3819 696 3902 mittunt,
739 3828 808 3883 ut
850 3826 1182 3883 sanentur.
1272 3816 1409 3901 Sic,
1454 3820 1564 3901 qui
1608 3817 1823 3880 dulfflit
1871 3820 2203 3900 pudenda,
2251 3823 2448 3880 etiam
2496 3816 2756 3880 faciunt.

411 3922 600 3987 Unde
654 3924 933 4007 accidit,
997 3923 1172 4008 qnod
1231 3924 1446 3987 omnia
1511 3922 1823 3986 foramina.
1883 3936 2099 4004 petrae
2167 3936 2227 3984 et
2296 3924 2540 4004 rupium
2608 3932 2760 3984 sunt..

414 4028 664 4112 repleta
719 4030 969 4111 barbis,
1026 4029 1230 4092 comis
1293 4037 1360 4090 et
1427 4026 1597 4112 pilis.
1747 4032 1943 4088 Ilium
2027 4032 2352 4112 profanum
2420 4032 2612 4092 ritum
2676 4044 2760 4088 cx

413 4135 700 4218 antiqui.
737 4133 1099 4198 idololatris
1142 4132 1226 4198 ad
1267 4150 1384 4197 eos
1442 4132 1795 4197 devenisse
1851 4156 2039 4196 neum
2075 4136 2336 4196 dubunt.
2384 4136 2556 4196 Dicit
2592 4127 2760 4196 anim

413 4237 739 4306 modom
793 4241 956 4304 libro
1014 4240 1079 4303 2.
1144 4256 1201 4302 c.
1275 4241 1340 4302 4.
1399 4239 1803 4324 antiquarum
1871 4244 2272 4304 historiarum
2300 4288 2320 4320 ,
2388 4236 2560 4324 quod
2608 4236 2760 4300 olim

410 4342 717 4427 Egyptii,
783 4353 940 4410 vota
981 4343 1109 4408 diis
1152 4343 1464 4413 facientes
1522 4363 1639 4429 pro
1695 4348 2199 4428 aegrotationum
2280 4344 2592 4409 amamus
2651 4340 2760 4404 vc!

410 4449 766 4537 wlffino,
827 4448 1100 4534 onpfflofl
1141 4452 1413 4516 abrasos
1468 4451 1691 4515 aureis
1755 4452 1859 4512 vel
1943 4448 2268 4536 argenteis
2336 4448 2756 4528 imposuerint
