3242 5259
1511 301 1595 368 at

386 485 512 549 sibi
569 483 758 568 prius
795 486 1114 569 pecuniae
1155 482 1495 578 restituere
1535 461 1892 558 oe'fiormr·
1973 481 2058 550 de
2122 501 2259 636 qua
2320 488 2466 575 ojus
2518 495 2728 556 testa·

387 593 681 655 montarii
723 591 1105 656 ordinabunt
1147 592 1342 676 juxta
1382 553 1767 658 commissa?
1818 593 1871 628 ³
2276 637 2305 656 ι

513 697 699 763 ·.XV
786 697 863 761 Si
904 699 1287 782 peregrinus
1330 697 1569 780 aliquis
1610 677 1679 760 ἰίι
1721 694 1916 780 galea
1956 709 2330 786 moreretur,
2366 702 2557 787 quod·
2595 705 2728 782 nou

385 804 601 869 statim
642 822 878 888 corpus
916 804 1059 886 ejus
1102 805 1169 866 in
1210 821 1390 867 mare
1432 787 1600 876 mitti
1632 801 1893 887 jubeat,
1951 804 2071 868 sed
2127 814 2316 869 extra
2366 807 2454 871 ad
2490 817 2728 876 terram

383 906 532 970 daci
577 918 642 973 et
685 909 945 991 sepeliri
990 909 1205 992 faciat,
1248 910 1315 973 in
1359 909 1577 993 aliquo
1635 910 2039 974 coemeterio.
2096 909 2172 973 Si
2212 927 2370 976 vero
2413 915 2724 982 remotius

380 1030 421 1075 a
461 1021 634 1076 terra
675 1014 869 1078 fuerit
906 1013 1118 1097 galea,
1157 1014 1331 1099 quod
1378 1023 1508 1077 tam
1569 1013 1679 1079 diu
1746 1013 2035 1078 defuncti
2112 1033 2349 1098 corpus
2378 1019 2474 1080 ·in
2537 1019 2728 1102 galea

378 1120 792 1201 sustineatur,
813 1138 1153 1205 quousque
1197 1119 1307 1182 vel
1331 1119 1413 1182 ad
1458 1129 1713 1203 portum
1754 1119 2034 1203 aliquem
2075 1123 2351 1204 venerit,
2395 1123 2505 1185 vel
2524 1125 2728 1188 sociis

377 1224 663 1300 defuncti
706 1226 1019 1310 placuerit
1061 1226 1227 1289 mitti
1271 1242 1506 1308 corpus
1545 1225 1614 1287 in
1661 1243 1858 1288 mare.

542 1330 726 1394 XVI.
814 1330 889 1394 Si
931 1331 1133 1414 aliqui
1177 1349 1264 1393 ex
1305 1331 1669 1413 peregrinis
1724 1329 1806 1392 ad
1849 1329 1947 1393 St.
2004 1330 2427 1396 Katharinam
2485 1331 2731 1395 vellent

374 1435 721 1519 proficisci,
769 1437 837 1500 in
880 1444 1150 1498 mortem
1159 1433 1436 1530 ‘Synai,
1498 1444 1809 1518 patronus
1854 1434 2117 1499 cuilibet
2177 1437 2291 1500 tali
2345 1436 2413 1500 id
2484 1441 2728 1521 petenti

373 1540 462 1607 X.
509 1539 781 1604 ducatos
810 1541 892 1604 de
913 1540 1065 1603 data
1093 1543 1274 1625 prius
1295 1541 1573 1646 pecqnia
1593 1533 1864 1602 reddere
1891 1527 2187 1608 teneatur
2230 1541 2295 1604 in
2338 1543 2726 1609 Jerusalem.

536 1639 751 1707 XVII.
837 1644 1025 1726 Quod
1069 1651 1387 1729 patronus
1430 1653 1775 1729 antequam
1818 1663 1966 1708 cum
2023 1646 2385 1730 peregrinis
2460 1642 2728 1708 recedat

368 1749 455 1811 de
489 1750 896 1834 Jerusalem,
954 1750 1230 1815 fideliter
1292 1749 1561 1834 adjuvet
1607 1749 1758 1813 illos
1790 1754 2201 1834 ⁴J-regrinos,
2234 1752 2346 1834 qui
2385 1750 2538 1814 ituri
2571 1760 2726 1814 sunt

370 1854 454 1918 ad
497 1854 591 1918 St„
638 1855 1108 1940 Katharinam,
1152 1865 1219 1920 et
1259 1857 1431 1920 inter
1488 1873 1604 1918 eos
1661 1863 1731 1918 et
1788 1855 2340 1920 Trutzellmanum
2379 1855 2724 2018 pacificam

365 1962 860 2025 couventionem
904 1962 978 2025 fa
988 1963 1136 2026 ciat.

526 2068 766 2132 xvm.
857 2064 1047 2146 Quod
1090 2075 1404 2150 patronus
1447 2007 1811 2150 peregrinis
1854 2075 2076 2148 aptum
2132 2066 2209 2128 in.
2268 2015 2515 2152 'galea
2494 2005 2723 2148 assigu-

365 2179 477 2233 net
508 2171 806 2236 locellum
842 2191 962 2257 pro
1002 2172 1197 2257 pullis
1218 2173 1363 2235 sive
1387 2171 1675 2255 gallinis,
1720 2181 1782 2234 et
1835 2170 2005 2255 quod
2048 2159 2153 2234 ἑιίι
2175 2159 2317 2242 coci
2332 2163 2721 2250 permittant

362 2293 591 2340 cocum
629 2280 1112 2361 peregrinorum
1151 2278 1393 2362 pariter
1435 2296 1584 2341 cum
1613 2276 1885 2342 eodem
1867 2293 2021 2360 igne
2057 2291 2288 2357 parare
2334 2273 2729 2358 peregrinis,⁴

361 2383 532 2445 sicut
574 2384 672 2446 eis
715 2382 947 2466 placet.
1047 2403 1092 2422 ··

533 2488 715 2549 XIX.
804 2485 878 2550 Si
921 2488 1201 2569 aliquem
1253 2488 1667 2570 peregrinum
1706 2479 1792 2550 Tu
1846 2483 2041 2568 galea
2087 2483 2252 2549 adeo
2289 2483 2580 2569 graviter
2619 2483 2727 2547 in-

356 2589 600 2653 firmari
642 2592 1003 2672 contigerit,
1049 2593 1145 2652 ita
1185 2590 1357 2676 quod
1403 2593 1470 2653 in
1509 2583 1869 2654 betoribus
1915 2593 2177 2654 carniae
2249 2607 2513 2654 manere
2593 2607 2724 2652 non

358 2699 609 2773 posunt,
651 2689 760 2754 vel
803 2694 918 2762 alii
954 2697 1278 2778 peregrini
1320 2715 1464 2759 eam
1504 2698 1828 2759 sustinere
1852 2695 2119 2779 nollent,
2169 2704 2464 2757 teneatur
2502 2700 2726 2777 patro-

355 2795 640 2858 nusss'tali
681 2800 979 2881 superius
1022 2801 1306 2884 aliquem
1352 2802 1695 2884 assignare
1737 2800 1949 2864 locum
1990 2800 2073 2864 ad
2128 2799 2553 2881 manendum,
2612 2796 2724 2859 vel

351 2899 420 2962 in
461 2902 757 2985 castello,
799 2905 908 2967 vel
951 2907 1017 2967 in
1060 2908 1284 2990 puppi,
1328 2889 1440 2969 vel
1481 2908 1549 2969 in
1592 2906 1809 2990 aliquo
1854 2914 2151 2969 transtro.

521 3007 668 3069 XX.
717 3005 907 3087 Quod
951 3012 1009 3075 si
1031 3011 1276 3095 aliquid
1314 3013 1382 3075 in
1413 3011 1539 3074 hac
1559 3007 2011 3075 conventionis
2052 3010 2334 3076 formula
2354 3008 2721 3091 neglectum

350 3119 490 3173 aut-
514 3112 918 3180 sufficienter
961 3120 1090 3181 noli
1136 3127 1315 3181 esset
1358 3133 1744 3201 expressum
1786 3126 1850 3181 et
1893 3118 2259 3200 provisum,
2302 3113 2479 3200 quod
2501 3123 2720 3176 tamen

341 3215 492 3297 jure
525 3218 640 3280 *vel
705 3223 1231 3286 consuetudine
1212 3224 1339 3308 ipsi
1382 3233 1656 3324 patrono
1711 3231 2101 3305 congrueret
2187 3220 2591 3284 faciendum·
2652 3215 2719 3280 id

348 3341 466 3406 pro
509 3341 820 3406 expresso
861 3329 929 3391 in
970 3330 1096 3394 hac
1134 3328 1412 3394 formula
1429 3337 1935 3450 ,praesenteque
1977 3333 2202 3390 tenore
2295 3343 2414 3409 pro
2467 3326 2715 3388 inserto

349 3427 543 3516 (10th
584 3430 828 3494 haberi.
2392 3466 2419 3481 „
2466 3471 2475 3478 .

514 3535 639 3598 His
712 3535 1002 3599 articulis
1055 3536 1150 3598 ita
1205 3551 1283 3596 co
1297 3529 1589 3620 mfisffis
1656 3546 1724 3599 et
1776 3536 2168 3619 conscriptis
2246 3525 2716 3618 advocammus

345 3635 670 3704 dominum
760 3641 1025 3704 Petrum
1088 3646 1432 3740 patronum
1500 3640 1580 3704 ad
1643 3659 1765 3703 nos
1826 3643 1893 3703 in
1956 3642 2350 3723 hospitium,
2431 3645 2507 3700 et
2557 3629 2716 3701 'arti-
2778 3641 2785 3654 '

342 3744 526 3808 culos
568 3753 930 3829 conceptos
972 3743 1099 3806 sibi
1166 3742 1466 3827 legimus,
1510 3752 1577 3807 et
1647 3745 1705 3807 si
1749 3745 2107 3809 secundum
2151 3754 2440 3820 tenorem
2450 3755 2708 3807 §eorum

340 3872 418 3916 se
460 3852 665 3916 vellet
736 3849 822 3914 ad
881 3864 1005 3910 nos
1061 3847 1342 3931 habere,
1410 3857 1477 3912 et
1541 3848 1669 3911 hoc
1723 3852 1913 3914 nobis
1966 3829 2379 3932 jufamento
2402 3850 2712 3931 praestito

337 3959 713 4042 prominere
731 4000 751 4038 ,
820 3971 967 4018 cum
1033 3971 1114 4016 eo
1191 3953 1400 4036 parati
1483 3971 1780 4017 essemus
1855 3936 2353 4020 conventionem
2416 3964 2521 4016 et·
2548 3969 2713 4035 pac-

337 4071 478 4126 tum
550 4062 797 4140 facere,
859 4068 935 4121 ut
1018 4058 1259 4122 dictum
1329 4066 1450 4134 est.
1517 4058 1670 4142 (B)
1779 4058 2044 4140 Quibus
2058 4051 2333 4134 &auditis
2374 4067 2712 4146 patronus

335 4169 591 4251 accepit
644 4163 938 4232 cedulam
1001 4162 1412 4246 articulorum
1436 4208 1457 4247 ,
1525 4174 1591 4227 et
1660 4185 1859 4231 unum
1942 4174 2094 4250 post
2170 4166 2374 4229 alium
2436 4162 2713 4247 perlegit

335 4276 602 4340 att-ente.
645 4267 755 4332 Ad
796 4268 1072 4351 primum
1118 4269 1461 4336 articulum
1503 4269 1713 4335 dixit:
1761 4271 1933 4356 quod
1972 4261 2404 4360 *qnantum-ad
2438 4269 2711 4350 primam

333 4371 877 4438 clausulam-«eum
917 4373 1091 4437 velle
1142 4376 1476 4459 accipere,
1544 4386 1609 4439 et
1675 4394 1797 4441 nos
1858 4375 1941 4439 ad
2010 4378 2305 4459 Joppen‚
2333 4372 2574 4468 ducere
2645 4378 2711 4432 et

1882 4503 1919 4550 ,ιι
