3242 5259
1450 266 1600 333 ΔΜ

427 444 548 522 De
615 468 882 551 specu,
949 446 1023 522 in
1106 470 1248 548 quo
1318 470 1628 552 corpora
1701 458 2110 529 sauctorum
2178 452 2656 531 innocentium

1057 589 1444 672 puerorum
1495 580 1667 645 sunt
1716 571 2023 673 sepulta.

500 751 750 817 ..quta
790 748 1188 833 praedictum
1224 769 1490 836 specum
1537 760 1665 845 est·
1691 752 1858 817 alius
1911 771 2189 839 specus,
2233 757 2301 817 iu
2342 772 2535 838 quem
2578 774 2708 820 nen

377 857 506 919 nisi
544 864 816 921 curvato
858 854 1053 919 dorso
1096 856 1350 939 ingredi
1390 868 1782 941 poteramus,
1826 867 1891 921 et
1934 862 2018 923 ab
2061 860 2241 923 intus
2280 859 2601 939 cetheus
2641 860 2709 921 in

375 962 577 1025 latere
617 960 971 1043 speluncae
1014 961 1097 1024 ad
1139 959 1313 1024 latus
1353 963 1688 1027 sinistrum
1740 964 1907 1027 satis
1948 963 2325 1047 profundus.
2408 966 2486 1027 In
2538 964 2709 1029 hanc

375 1066 755 1149 speluncam
835 1067 1092 1130 inerunt
1155 1064 1446 1148 projecta
1487 1085 1760 1151 corpora
1818 1068 2020 1133 multa
2077 1069 2277 1133 millia
2336 1077 2707 1133 sanctorum

374 1172 808 1254 innocentum,
850 1189 1017 1256 quos
1036 1169 1355 1254 Herodes,
1395 1189 1719 1255 quaerens
1740 1175 1809 1236 in
1852 1174 1951 1235 eis
1979 1171 2334 1257 Christum,
2375 1174 2703 1237 mactavit.

373 1275 470 1338 lbi
512 1293 670 1358 ergo
692 1275 882 1339 dictis
919 1276 1322 1341 orationibus
1349 1276 1789 1362 indulgentias
1822 1279 2183 1362 recepimus
2205 1280 2345 1361 st).
2428 1276 2707 1357 Quaa-

375 1388 590 1444 autem
642 1379 727 1443 de
764 1380 1126 1464 peregrinis
1180 1381 1250 1443 in
1311 1380 1454 1460 ipso
1498 1396 1703 1462 specu
1747 1383 1816 1443 in
1859 1391 2077 1446 terrae
2115 1384 2386 1467 pulvere
2427 1401 2708 1467 quaera-

376 1486 530 1548 bant
567 1503 715 1548 cum
757 1484 997 1548 lumine
1040 1482 1350 1567 reliquias
1393 1483 1476 1546 de
1509 1487 1758 1549 sanctis
1790 1489 2264 1570 innocentibus,
2305 1487 2425 1551 sed
2446 1489 2708 1551 minime

373 1590 816 1673 inveniebant,
859 1589 1006 1670 (B)
1040 1588 1280 1653 dudum
1323 1590 1493 1651 enim
1541 1587 1773 1653 fideles
1802 1600 2301 1674 asportaverunt
2326 1610 2428 1676 ea,
2468 1601 2536 1655 et
2562 1591 2705 1656 dis-

374 1711 610 1781 persae
651 1702 808 1759 sunt
858 1694 1169 1778 reliquiae
1207 1695 1621 1758 innocentum
1664 1713 2003 1777 puerorum
2049 1699 2116 1759 in
2158 1697 2477 1761 ecclesias
2504 1697 2705 1765 orbis.

349 1802 544 1883 „Nam
565 1800 868 1879 venetiis
888 1802 953 1863 in
974 1799 1274 1864 Mun-iano
1313 1807 1465 1863 sunt
1492 1801 1559 1863 in
1588 1817 1721 1862 una
1751 1803 1973 1863 tumba
1990 1802 2247 1866 circiter
2274 1809 2531 1892 eentum
2554 1817 2706 1863 cor-

365 1889 548 1989 pora,
560 1906 991 1968 innocentum.
1034 1907 1110 1968 ln
1123 1904 1192 1966 N
1192 1905 1574 1986 uremberga
1600 1903 1684 1967 ad
1708 1904 2201 1970 Praedicatores
2226 1905 2363 1970 vidi
2384 1906 2705 1987 integrum

373 2009 828 2092 corpusculum
865 2009 955 2072 de
993 2008 1468 2076 innocentibus.
1552 2010 1627 2070 In
1671 2009 2031 2093 Argentina
2092 2009 2176 2074 ad
2215 2008 2706 2074 Praedicatores

321 2106 334 2119 '
373 2114 610 2178 habent
668 2116 858 2177 etiam
913 2124 1111 2176 unum
1152 2114 1474 2196 integrum
1518 2130 1760 2195 corpus
1814 2114 1897 2179 de
1955 2117 2072 2179 eis.
2180 2117 2256 2178 ln
2303 2113 2563 2177 Basilea
2620 2109 2705 2174 ad

227 2234 236 2241 '
371 2219 863 2288 Praedicator-es
933 2218 1169 2299 habent
1258 2220 1326 2280 iu
1399 2235 1533 2280 una
1608 2221 1897 2300 pretiosa
1955 2220 2381 2282 monstrantia
2448 2233 2705 2279 manum

372 2330 566 2399 unam
629 2331 704 2385 et¹
754 2322 996 2405 aliquot
1041 2302 1351 2387 articulos
1398 2321 1481 2386 de
1521 2324 1638 2385 eis.
1726 2324 1803 2385 ln
1845 2323 2035 2387 Ulma
2086 2321 2173 2387 ad
2213 2319 2706 2387 Praedicatora

371 2428 648 2491 habetur
700 2445 828 2489 una
888 2428 1161 2490 camisia
1201 2426 1475 2508 parvula
1515 2427 2015 2511 sanguinolenta
2034 2472 2055 2509 ,
2098 2435 2168 2490 et
2213 2427 2449 2489 ictibus
2499 2422 2700 2507 gladii

370 2533 728 2617 perforata,
775 2550 940 2614 quae
983 2531 1106 2594 fuit
1142 2532 1336 2594 unius
1378 2532 1629 2614 parvuli
1699 2531 1783 2595 de
1831 2532 2302 2596 innocentibus.
2407 2527 2703 2609 Nobiles,

374 2632 487 2722 qui
527 2620 775 2700 vadunt
827 2637 895 2699 in
928 2635 1320 2719 Jerusalem,
1376 2636 1769 2720 singularem
1822 2636 2058 2703 habent
2109 2634 2556 2719 quaestionem
2620 2631 2705 2696 de

375 2741 665 2825 reliquiis
706 2748 1078 2807 sanctorum
1121 2742 1557 2824 innocentum,
1595 2743 1823 2805 nescio
1843 2759 1974 2825 qua
1992 2743 2255 2803 ratione.
2342 2738 2492 2803 Fuit
2531 2738 2701 2803 enim

371 2845 633 2930 quidam
671 2846 912 2913 nobilis
954 2847 1124 2910 inter
1183 2861 1308 2908 nos
1348 2843 1726 2929 praedives,
1791 2846 1901 2929 qui
1941 2863 2059 2928 per
2098 2861 2177 2906 se
2215 2844 2284 2908 in
2325 2860 2531 2926 specu
2591 2840 2703 2905 illo

371 2951 751 3035 pulveribus
814 2952 1070 3015 eversis
1132 2958 1199 3013 et
1245 2957 1422 3013 terra
1474 2949 1801 3031 quaesivit
1844 2950 2185 3033 reliquias,
2242 2955 2314 3011 et
2353 2965 2501 3011 cum
2543 2944 2704 3010 nihil

370 3056 692 3121 inveniret
707 3100 729 3139 ,
782 3055 1083 3119 transivit
1126 3053 1210 3117 ad
1251 3052 1762 3137 Sabethytanco‚
1806 3052 2104 3118 calinum
2148 3051 2453 3136 maiorem
2466 3095 2488 3135 ,
2539 3049 2704 3114 Sar-

371 3178 673 3225 racenum
696 3205 718 3244 ,
806 3168 1234 3243 protectorem
1314 3160 1799 3242 peregrinorum
1815 3205 1837 3242 ,
1937 3166 2004 3221 et
2094 3177 2213 3243 per
2285 3142 2701 3243 interpretem
2746 3228 2753 3239 ,

371 3263 670 3349 Ρῐοιιήιίι
711 3265 808 3346 ei,
869 3271 1130 3329 eentum
1173 3263 1448 3330 ducatos
1500 3281 1579 3326 se
1639 3263 1967 3346 daturum,
2007 3264 2067 3326 si
2120 3281 2319 3327 unum
2379 3263 2699 3344 integrum

374 3368 828 3452 corpusculum
881 3370 1010 3432 sibi
1073 3375 1471 3451 procuraret.
1580 3367 1893 3431 Auditum
1957 3368 2152 3430 etiam
2220 3367 2431 3429 fuerat
2444 3409 2465 3447 ,
2528 3361 2702 3445 qnod

377 3472 725 3537 Sarraceni
778 3490 861 3535 ea
897 3473 1211 3536 haberent
1273 3480 1341 3535 et
1391 3471 1775 3535 venderent.
1859 3468 1986 3533 Cui
2046 3468 2375 3551 respondit
2409 3465 2703 3548 Calinus,

357 3574 544 3664 ‘quod
586 3595 859 3662 corpora
900 3576 1151 3639 illorum
1193 3592 1538 3659 puerorum
1579 3583 1805 3639 esent
1862 3571 2179 3636 translata
2217 3569 2303 3634 ad
2343 3569 2699 3652 Cbayrum,

367 3692 434 3748 et
464 3682 763 3748 deminus
802 3679 1132 3744 soldanus
1173 3697 1256 3742 ea
1294 3680 1562 3743 haberet
1599 3681 1673 3741 in
1724 3693 1849 3740 sua
1889 3673 2207 3757 custodia,
2247 3681 2317 3738 et
2351 3675 2458 3737 cui
2499 3671 2702 3737 vellet

368 3788 717 3867 venderet,
760 3792 830 3847 et
869 3783 1089 3847 nullus
1126 3783 1294 3847 alius
1335 3791 1516 3847 esset
1554 3784 1622 3845 in
1666 3789 1803 3844 toto
1875 3797 1997 3843 suo
2039 3796 2263 3862 ragno,
2327 3780 2435 3844 cai
2474 3777 2700 3842 liceret

364 3892 654 3956 vendere
706 3905 981 3972 corpora
1035 3886 1382 3967 infantum,
1440 3887 1568 3950 nisi
1646 3885 1791 3948 sibi.
1876 3886 2025 3947 Hoc
2084 3892 2159 3947 ut
2212 3882 2465 3949 audivit
2512 3880 2704 3946 miles

368 3996 515 4081 ille,
557 3994 876 4079 cogitavit
932 3993 1028 4056 ire
1067 3990 1152 4056 ad
1197 3991 1273 4060 S.
1309 3989 1725 4055 Cathariuum
1771 4004 1918 4052 cum
1959 3986 2108 4052 aliis
2130 4034 2151 4071 ,
2193 3999 2267 4053 ut
2306 3989 2603 4052 veniens·
2634 3986 2701 4047 ia

372 4100 696 4183 Cbayrum
772 4105 1018 4162 emeret
1068 4115 1364 4181 puerum.
1470 4095 1674 4159 Porro
1745 4103 2123 4177 suspectum
2180 4095 2301 4158 fuit
2367 4093 2521 4157 mibi
2578 4092 2702 4155 hoc

369 4203 580 4268 ferum
621 4212 951 4288 tamquam
994 4201 1431 4283 ludibriosam,
1471 4199 1767 4263 dolosum
1832 4206 1899 4261 et
1936 4197 2279 4281 injustum,
2323 4206 2390 4260 et
2430 4195 2579 4259 ideo
2619 4192 2702 4256 ad

372 4305 693 4388 quendam
749 4314 1084 4389 expertum
1136 4326 1243 4373 me
1294 4305 1572 4386 centuli,
1632 4310 1701 4364 et
1751 4319 1896 4366 cum
1954 4321 2036 4367 eo
2087 4302 2463 4459 sergtinium
2510 4296 2706 4361 habui
