3242 5259
1680 306 1811 377 8⁷2

724 491 838 557 Da
869 488 1001 555 illis
1041 489 1170 553 iam
1211 486 1408 555 dictis
1451 487 1753 570 vallibus,
1794 497 1863 553 et
1904 487 1987 552 de
2028 497 2312 557 torrente
2369 498 2438 554 et
2477 488 2659 555 fonte
2699 488 2901 574 Siloe,

559 606 627 663 et
667 594 751 661 de
791 595 1120 660 montibus
1184 594 1401 678 paullo
1456 602 1609 658 ante
1662 593 2012 661 nominatis
2087 594 2155 657 in
2215 594 2645 679 sequentibus
2698 613 2904 681 saepe

559 701 803 768 mentio
843 703 966 765 iit..
994 697 1149 764 Ideo
1190 698 1370 763 volui
1411 697 1732 763 modicum
1775 702 2191 782 praemittere
2230 717 2348 782 pro
2392 698 2666 763 faciliori
2707 699 2905 766 intel-

559 807 732 872 lectu
769 803 1201 890 sequentium.
1269 804 1475 886 Igitur
1515 822 1669 868 cum
1716 803 1799 869 ad
1838 806 1968 867 ima
2008 796 2202 867 vallis
2244 804 2678 888 venissemus,
2720 814 2905 869 tran-

557 911 832 976 sivimus
901 917 1248 977 torrentem
1289 927 1408 993 per
1460 909 1675 992 ipsum
1717 906 2040 993 lapideum
2103 916 2365 993 pontem
2380 952 2403 992 ,
2464 912 2576 994 qui
2627 927 2906 976 arcuoso

555 1032 754 1100 opere
811 1024 917 1079 est
979 1013 1258 1096 factusf
1303 1022 1372 1077 et
1411 1012 1494 1076 ad
1539 1011 1796 1078 radices
1854 1014 2091 1078 montis
2133 1012 2381 1077 Oliveti
2431 1014 2765 1100 venimus,
2806 1022 2905 1091 ‚et

553 1118 883 1204 paululum
910 1117 1352 1182 ascendentes
1388 1115 1472 1182 de
1512 1125 1798 1182 torrente
1827 1115 1913 1181 ad
1955 1116 2199 1182 fontem
2243 1116 2545 1181 draconis
2580 1122 2904 1215 venimus,

555 1222 644 1289 de
673 1241 809 1313 ‘quo
845 1223 1121 1288 habetur
1153 1222 1516 1287 Nehemiae
1554 1223 1619 1286 2.
1661 1221 1760 1286 lbi
1802 1221 2046 1286 contuli
2083 1240 2232 1286 cum
2272 1221 2550 1287 dominis
2590 1223 2905 1288 militibus

557 1327 644 1392 de
684 1326 1023 1414 diligentia
1063 1327 1132 1391 N
1133 1326 1459 1412 ehcmiae,
1497 1325 1821 1411 quomodo
1860 1325 1947 1391 de
1987 1327 2369 1410 captivitate
2426 1326 2510 1391 de
2552 1338 2723 1393 terra
2754 1327 2906 1393 lon-

552 1433 801 1518 ginqua
841 1434 910 1499 in
966 1432 1340 1498 Jerusalem
1394 1432 1574 1497 venit
1587 1475 1615 1514 ,
1685 1440 1754 1494 et
1791 1449 2041 1517 gyrans
2105 1439 2297 1495 nocte
2366 1430 2700 1498 civitatem
2739 1433 2906 1498 vidit

555 1538 781 1604 ruinas
819 1539 1000 1624 ejus,
1036 1540 1351 1623 stetitque
1385 1537 1577 1621 juxta
1617 1546 1882 1621 puteum
1923 1534 2125 1619 illum,
2170 1544 2237 1598 et
2278 1533 2680 1617 deliberavit,
2729 1552 2902 1618 quo-

559 1643 752 1708 modo
785 1659 1018 1708 -muros
1077 1643 1447 1708 Jerusalem
1508 1640 1799 1725 dejectos
1840 1650 1910 1705 et
1966 1651 2176 1706 turres
2241 1639 2505 1704 collisos
2575 1647 2641 1701 et
2681 1646 2904 1722 portas

534 1746 903 1830 dissipatas
965 1754 1035 1811 et
1075 1745 1300 1811 domos
1344 1745 1674 1811 desolatas
1751 1756 1818 1810 et
1880 1745 2191 1829 templum
2260 1748 2666 1810 combustum
2708 1763 2902 1808 reae-

555 1851 821 1917 dificare
874 1859 1102 1935 posset
1156 1868 1306 1915 cum
1363 1850 1629 1914 licentia
1682 1850 2070 1915 Artaxerxis
2129 1850 2321 1933 regis.
2408 1850 2482 1912 In
2540 1866 2667 1932 quo
2726 1848 2901 1921 facto

552 1954 869 2039 segnities
909 1956 1267 2039 principum
1304 1963 1664 2017 nostrorum
1710 1953 2214 2037 reprehenditur,
2243 1955 2357 2039 qui
2397 1951 2639 2017 nullam
2679 1971 2900 2018 curam

545 2059 795 2127 habent
830 2078 948 2145 pro
989 2059 1483 2143 recuperatione
1504 2055 1727 2139 (148
1747 2057 1855 2141 A)
1901 2060 2181 2123 civitatis
2221 2068 2508 2141 sanctae,
2547 2075 2628 2120 ac
2668 2059 2728 2121 si
2769 2076 2899 2121 non

556 2172 737 2229 esset
776 2164 1172 2231 necessaria.
1263 2159 1486 2241 Quare
1527 2171 1742 2225 autem
1782 2164 2066 2226 cisterna
2106 2163 2222 2226 illa
2263 2162 2516 2226 dicatur
2553 2161 2702 2225 fons
2746 2161 2900 2226 dra-

552 2269 775 2351 conis,
816 2287 949 2334 non
989 2267 1251 2334 memini
1295 2285 1399 2331 me
1443 2265 1723 2351 legisse3
1768 2275 1927 2352 puto
1971 2277 2186 2331 tamen
2205 2313 2228 2352 ,
2271 2267 2442 2352 quod
2485 2284 2691 2350 aquas
2742 2268 2897 2333 olim

551 2372 851 2439 habuerit
913 2393 1000 2439 ex
1053 2374 1274 2459 aliqua
1338 2372 1587 2457 origiue
1648 2372 1925 2457 fluente,
1980 2388 2023 2434 a
2078 2389 2208 2455 qua
2249 2390 2369 2456 per
2428 2371 2745 2436 dracones
2788 2371 2899 2436 vel

552 2478 849 2562 gurgites
913 2481 1049 2543 sint
1100 2496 1310 2564 aquae
1359 2478 1428 2542 in
1488 2476 1839 2541 cisternam
1901 2477 2072 2540 hanc
2125 2474 2452 2539 inductae.
2555 2475 2672 2541 Sic
2727 2477 2901 2553 enim

555 2585 736 2667 regio
776 2582 1216 2648 Draconitidis
1276 2582 1451 2648 dicta
1492 2589 1598 2644 est
1639 2581 1719 2643 ab
1774 2599 1891 2667 eo,
1948 2580 2103 2663 quia
2160 2579 2372 2644 nullas
2432 2598 2642 2668 aquas
2703 2584 2902 2650 habet

556 2687 685 2752 nisi
724 2706 844 2772 per
883 2687 1202 2755 dracones
1243 2696 1310 2765 et
1351 2706 1470 2772 per
1509 2686 1967 2751 subterraneos
2010 2695 2263 2751 meatus
2301 2684 2625 2753 inductas.

597 2931 717 3010 De
765 2935 1091 3015 ecclesia
1130 2934 1498 3041 sepulchri
1545 2936 2010 3015 beatissimae
2055 2937 2342 3016 Mariae
2392 2936 2728 3039 Virginis
2772 2939 2848 3015 iu

1408 3056 1606 3134 valle
1656 3057 1713 3134 J
1715 3058 2042 3161 osaphat.

708 3233 1194 3302 Adscendlmus
1235 3246 1715 3321 consequenter
1758 3249 1826 3304 et
1866 3239 1949 3305 ad
1992 3239 2165 3304 latus
2205 3240 2541 3306 sinistrum
2603 3239 2903 3307 declina-

555 3337 776 3404 vimus
814 3339 898 3406 ad
916 3340 1262 3407 ecclesiam
1301 3342 1632 3427 sepulchri
1665 3344 2080 3409 beatissimae
2097 3345 2349 3410 Mariae
2388 3346 2699 3431 virginis,
2730 3365 2903 3431 quae

556 3443 876 3527 profunde
929 3446 1000 3510 in
1070 3455 1285 3511 terrae
1352 3448 1717 3512 visceribus
1780 3451 1985 3533 petris
2048 3457 2117 3513 et
2184 3450 2451 3532 rupibus
2512 3460 2618 3515 est
2668 3452 2895 3516 incisa„

552 3550 805 3615 Dicunt
845 3561 1062 3618 tamen
1104 3551 1304 3637 aliqui
1318 3597 1339 3636 ,
1409 3551 1584 3637 quod
1624 3555 1693 3617 in
1736 3553 1999 3618 exordio
2040 3571 2199 3617 suae
2261 3552 2724 3620 aedificationis
2767 3575 2898 3621 non

556 3654 753 3720 fuerit
790 3661 913 3722 sub
956 3666 1148 3741 terra,
1177 3656 1299 3720 sed
1339 3674 1566 3741 supra3
1612 3667 1680 3721 ct
1728 3657 1899 3741 quod
1941 3677 2060 3743 per
2090 3656 2546 3723 inundationes
2586 3678 2899 3745 aquarum

555 3757 641 3823 de
700 3769 921 3824 monte
975 3763 1224 3827 Oliveti
1286 3779 1513 3826 secum
1572 3761 1941 3828 ducentium
1995 3766 2083 3828 sit
2133 3772 2442 3849 cooperta
2515 3774 2583 3828 ct
2636 3774 2898 3849 propter

552 3860 750 3925 vallis
822 3863 1266 3948 repletionem.
1375 3866 1611 3950 Porro,
1697 3885 1898 3951 supra
1953 3870 2321 3953 ingressum
2392 3877 2498 3933 est
2575 3868 2897 3954 quoddam

552 3964 916 4032 aedificium
956 3968 1025 4034 in
1065 3969 1321 4034 modum
1365 3971 1659 4056 capellae
1700 3971 1941 4037 factum
1957 4019 1979 4059 ,
2013 3983 2081 4038 et
2122 3981 2279 4038 ante
2319 3975 2553 4038 ostium
2589 3982 2693 4038 est
2732 3973 2898 4035 atri-

553 4088 665 4134 um
745 4071 1012 4155 quadris
1091 4076 1464 4159 marmoreis
1525 4074 1950 4143 aedificatum.
2034 4078 2112 4140 In
2154 4079 2279 4142 hoc
2320 4086 2573 4142 antrum
2614 4078 2897 4142 descen-

551 4172 766 4239 dimus
838 4186 906 4242 et
982 4186 1208 4242 eontra
1265 4179 1590 4245 introitum
1652 4180 1975 4245 ecclesiae
2030 4183 2520 4266 properavimus
2536 4227 2560 4268 ,
2620 4198 2897 4266 cumque

552 4278 638 4347 ad
677 4281 912 4346 ostium
954 4281 1275 4348 ecclesiae
1314 4284 1728 4349 venissemus
1771 4285 2060 4350 clausum
2093 4287 2483 4371 invenimus,
2507 4303 2631 4350 nec
2672 4294 2897 4349 custo-

553 4383 706 4451 dem
765 4387 1086 4455 ecclesiae
1125 4398 1575 4473 praesentem.
1649 4389 1974 4456 Dicebant
2015 4398 2234 4455 tamen
2298 4391 2489 4457 nobis
2547 4388 2895 4455 Sarraceni
