3242 5259
1701 293 1791 362 68

573 494 899 569 poteram,
973 481 1101 543 imo
1171 477 1639 561 impossibilem
1703 475 2002 559 reputavi
2066 473 2360 539 reditum.
2461 475 2578 539 Sic
2639 494 2797 560 ergo
2854 479 2925 541 in

573 587 992 656 fluctuatione
1031 585 1223 667 steti,
1278 590 1345 645 et
1389 582 1550 646 nulli
1580 582 1910 648 hominum
1952 597 2156 643 ausus
2198 581 2292 644 fui
2330 581 2509 664 loqui
2549 582 2633 646 do
2669 584 2794 647 hac
2834 601 2921 647 re.

572 694 868 759 Verebar
909 690 992 755 de
1038 691 1164 754 hoc
1219 689 1439 752 facere
1492 689 1884 752 mentionem
1935 686 2327 750 Reverendo
2386 687 2566 751 Patri
2606 690 2925 772 Magistro

572 797 930 863 Ludowico
971 795 1229 879 Fuchs,
1279 794 1446 858 licet
1487 803 1668 858 esset
1732 794 1887 857 mihi
1931 792 2480 856 familiarissimus
2498 840 2520 879 ,
2574 803 2638 857 et
2701 795 2928 858 secre-

575 897 784 968 torum
825 919 1115 966 ,meorum
1157 901 1495 983 conscius3
1559 903 1666 982 cui
1709 901 1902 963 etiam
1950 898 2209 962 occulta
2257 901 2703 963 conscientiae
2743 918 2929 963 meae

574 1010 721 1073 sine
797 1017 973 1094 metu
1046 1005 1364 1067 audebam
1424 1008 1858 1073 committeret
1934 1004 2349 1087 Propositum
2427 1013 2643 1067 tamen
2711 1023 2927 1068 meum

576 1112 892 1178 redeundi
931 1113 998 1175 in
1034 1109 1404 1173 Jerusalem
1443 1130 1575 1173 non
1619 1110 1936 1174 audebam
1979 1126 2144 1172 suae
2180 1091 2566 1172 Paternitati
2608 1108 2924 1192 revelare,

576 1237 663 1282 ne
704 1236 850 1279 eum
873 1215 1335 1299 perturbarem,
1364 1222 1432 1277 et
1459 1235 1544 1278 ne
1565 1215 1708 1298 ipse
1720 1224 1786 1277 et
1820 1214 1931 1278 alii
1965 1213 2324 1295 audientes,
2352 1214 2418 1275 in
2449 1233 2554 1276 me
2597 1212 2932 1275 scandali-

578 1329 920 1403 zarentur,
1006 1317 1380 1400 judicantes
1459 1339 1565 1384 me
1647 1320 2020 1383 instabilem
2113 1327 2180 1379 et
2256 1319 2617 1380 monastica
2709 1319 2928 1401 quiete

573 1427 1045 1508 impatientem3
1101 1432 1213 1486 aut
1270 1424 1437 1487 forte
1495 1424 1836 1488 diabolicis
1899 1424 2347 1486 incitamentis
2412 1431 2754 1505 vexatum,
2817 1430 2929 1485 aut

574 1532 733 1597 vitio
769 1529 1162 1593 curiositatis
1202 1529 1536 1614 infectum,
1570 1539 1682 1593 aut
1724 1530 1989 1593 levitate
2027 1536 2300 1610 motnm3
2338 1537 2404 1590 et
2434 1528 2524 1590 ita
2566 1546 2928 1610 suspensus

576 1637 830 1701 stabam
872 1643 938 1695 et
980 1633 1046 1696 in
1090 1633 1266 1698 nullo
1309 1654 1417 1698 me
1458 1635 1913 1719 manifestavi,
1958 1634 2084 1695 nisi
2126 1632 2304 1715 quod
2363 1633 2445 1694 de
2487 1641 2658 1694 terra
2699 1643 2927 1696 sancta

578 1750 646 1804 et
695 1739 780 1804 de
818 1737 1189 1803 Jerusalem
1252 1741 1692 1823 interrogatus
1751 1758 1880 1803 non
1944 1737 2255 1821 loquebar
2311 1737 2562 1820 absque
2606 1739 2928 1822 suspiriis,

579 1854 646 1908 et
692 1860 1151 1926 nonnunquam
1214 1842 1532 1926 dicebam,
1596 1863 1704 1907 me
1746 1844 2047 1927 ignorare
2083 1842 2451 1904 Jerusalem
2492 1841 2757 1905 vidisse.
2843 1844 2931 1905 Et

576 1949 728 2012 dum
752 1950 1225 2030 interrogarent
1246 1968 1374 2033 me,
1399 1967 1483 2012 an
1512 1948 1904 2012 desiderium
1930 1947 2247 2011 redeundi
2272 1948 2598 2030 haberem,
2622 1948 2926 2031 respondi

576 2053 980 2136 simpliciter,
1005 2052 1178 2135 quod
1219 2056 1335 2117 sic.
1380 2055 1637 2116 Interea
1672 2063 1852 2117 tanto
1888 2052 2191 2116 aestuavi
2236 2050 2557 2115 desiderio
2589 2053 2923 2137 redeundi,

577 2157 752 2241 quod
783 2157 1027 2221 nullum
1067 2158 1371 2241 studium,
1400 2158 1592 2221 nulla·
1621 2159 1780 2221 mIbi
1808 2157 2048 2242 placuit
2082 2159 2426 2241 scriptura,
2451 2159 2579 2220 nisi
2619 2158 2929 2221 historiae

577 2263 865 2346 Bibliae,
930 2270 1000 2324 et
1054 2261 1225 2324 aliae
1285 2263 1601 2327 facientes
1673 2265 2065 2330 mentionem
2129 2263 2213 2325 de
2283 2255 2673 2325 Jerusalem.
2774 2262 2930 2327 ldeo

578 2368 796 2432 omnia
837 2384 1008 2450 quae
1050 2366 1132 2430 ad
1175 2386 1434 2432 manum
1477 2379 1799 2432 venerunt
1844 2368 1926 2431 de
1954 2368 2102 2431 istis
2128 2368 2414 2451 perlegi.-
2456 2368 2692 2452 collegi
2736 2370 2929 2434 etiam

578 2474 795 2536 omnia
838 2473 1270 2555 peregrinalia
1312 2474 1604 2556 militum,
1650 2482 1715 2536 et
1760 2473 2015 2537 libellos
2053 2474 2563 2557 peregrinorum,
2604 2482 2670 2536 et
2715 2482 2927 2536 terrae

580 2588 853 2641 sanctae
891 2575 1385 2662 descriptiones,
1415 2596 1622 2663 eaque
1663 2578 1935 2662 perlegi,
1972 2588 2038 2640 et
2079 2587 2321 2661 quanto
2362 2578 2511 2662 plus
2548 2578 2707 2660 legi,
2750 2586 2930 2641 tanto

580 2682 930 2766 inquietior
963 2682 1174 2745 factus
1200 2682 1316 2765 fui,
1348 2686 1502 2766 quia
1530 2684 1997 2766 imperfectam,
2032 2683 2529 2766 superficialem,
2557 2681 2930 2745 distractam

582 2795 652 2852 et
695 2788 1034 2851 confusam
1070 2787 1280 2851 fuisse
1322 2807 1532 2852 meam
1561 2790 2145 2872 peregrinationem
2192 2807 2277 2850 ex
2318 2788 2463 2849 aliis
2507 2785 2927 2868 deprehendi.

581 2891 671 2954 Et
729 2911 847 2974 per
896 2910 1136 2957 annum
1196 2895 1296 2956 sic
1358 2896 1426 2956 in
1493 2893 1822 2956 laboribus
1885 2889 2160 2972 legendo
2222 2899 2287 2952 et
2348 2888 2690 2952 scribendo
2759 2894 2934 2955 steti.

582 2994 779 3058 Anno
839 3004 1054 3057 autem
1130 3014 1266 3060 uno
1339 3015 1488 3060 cum
1561 2995 1675 3057 illa
1733 2993 2176 3075 inquietudine
2237 3003 2564 3055 transacto
2640 2996 2822 3058 venit
2864 2997 2934 3060 in

585 3104 873 3157 nostram
903 3096 1301 3178 provinciam
1323 3097 1670 3161 Generalis
1715 3098 1912 3159 totius
1945 3094 2189 3158 ordinis
2223 3099 2352 3157 mei
2387 3096 2936 3186 Praedicatornm,

586 3197 837 3261 scilicet
894 3198 1137 3263 Salvus
1191 3201 1275 3263 de
1338 3199 1622 3264 Casseta
1690 3198 1771 3261 de
1834 3200 2196 3262 Pannormo
2217 3244 2238 3281 ,
2296 3201 2538 3263 missus
2603 3219 2644 3265 a
2699 3203 2772 3267 S.
2837 3205 2925 3274 Ι).

584 3304 767 3387 Papa
838 3301 1027 3367 Sixto
1085 3306 1203 3367 IV.
1263 3314 1487 3368 contra
1551 3304 1895 3367 Dominum
1953 3303 2285 3367 Andream
2342 3306 2929 3391 Archiepiscopum

590 3407 1035 3492 Crainensem,
1075 3410 1186 3492 qui
1206 3411 1558 3473 conabatur
1592 3409 1814 3472 nescio
1843 3428 1972 3493 quo
2013 3411 2244 3493 spiritu
2288 3420 2502 3474 motus
2561 3431 2928 3479 convocare

588 3512 674 3580 ad
711 3513 1032 3578 Basileam
1055 3514 1361 3598 generale
1392 3513 1775 3597 Consilium,
1808 3524 1873 3577 et
1915 3514 2152 3579 ibidem
2195 3515 2527 3580 residebat
2554 3520 2676 3582 sub
2711 3521 2930 3603 Impe-

590 3620 825 3686 ratoris
865 3619 1179 3683 Friderici
1223 3621 1395 3683 tertii
1453 3619 1691 3683 tutela:
1762 3628 1835 3682 ut
1901 3629 2117 3683 autem
2220 3622 2552 3703 praefatus
2611 3623 2933 3705 Magister

589 3723 852 3788 Ordinis
894 3724 1416 3789 Praedicatorum
1478 3734 1704 3794 contra
1746 3725 1927 3789 illum
1966 3726 2547 3809 Archiepiscopum
2588 3724 2929 3788 efficacius

590 3845 790 3910 agere
829 3839 1072 3914 posset,
1115 3831 1505 3896 convocavit
1547 3831 1633 3894 ad
1661 3850 1740 3895 se
1780 3830 1863 3894 ad
1893 3829 2311 3894 Conventum
2335 3828 2934 3894 columbariensem

590 3932 970 3997 famosiores
1027 3944 1290 3998 nostrae
1363 3936 1737 4018 provinciae
1802 3935 2309 3998 Praedicatores.
2424 3936 2602 3996 Inter
2655 3949 2824 4014 quos
2866 3943 2936 3997 et

588 4054 712 4119 ego
775 4040 1017 4102 missus
1099 4042 1255 4103 veni
1345 4039 1429 4102 ad
1498 4038 1897 4122 praedictum
1977 4037 2393 4102 Conventum
2460 4036 2798 4101 auditurus
2865 4046 2931 4100 et

586 4142 911 4225 pariturus
954 4146 1344 4229 praeceptis.
1383 4141 1662 4225 (MA)
1705 4145 1934 4226 Itaque
1984 4163 2090 4207 me
2134 4162 2282 4208 cum
2313 4141 2575 4206 Ordinis
2616 4141 2936 4224 Magistro

587 4250 914 4313 existente
953 4250 1124 4313 inter
1180 4249 1327 4331 alia,
1373 4247 1456 4312 de
1514 4247 1748 4331 quibus
1782 4265 1934 4318 cum
1989 4267 2114 4311 sua
2168 4248 2577 4312 Paternitate
2639 4247 2939 4320 conferre

584 4352 802 4439 habui,
824 4353 959 4421 dixi
999 4372 1161 4420 suae
1180 4352 1619 4418 Reverentiae
1662 4352 2051 4420 desiderium
2093 4371 2309 4418 meum
2341 4351 2423 4418 de
2457 4351 2823 4417 reintrando
2850 4350 2935 4416 ad
