3242 5259
1422 360 1579 435 tv

317 561 413 616 et-
442 558 605 615 ante
661 566 958 615 mensam
1018 557 1085 611 et
1138 555 1291 632 post
1342 532 1637 615 mentun
1651 593 1674 634 ,
1734 559 1802 614 et
1869 552 1942 615 in
2003 553 2304 619 omm'bus
2360 559 2690 641 portubus.

319 656 553 740 Aliqui
614 656 811 718 etiam
847 653 1082 737 galeae
1123 651 1544 717 mundatores
1603 665 1672 718 et
1711 664 2068 720 ornatores.
2159 657 2339 724 Sunt
2384 663 2586 727 etiam
2622 667 2692 728 in

319 780 407 827 ea
446 778 709 825 rasores
748 758 835 823 ad
877 760 1092 823 minus
1135 757 1288 842 due,
1327 760 1439 845 qui
1480 759 1675 823 etiam
1717 769 1871 823 sunt
1915 761 2153 826 medici
2193 772 2262 827 et
2302 767 2689 853 chirurgici,

320 875 483 931 aunt
523 865 716 931 etiam
776 865 849 931 in
907 881 986 927 ea
1047 873 1331 929 tortores
1390 862 1916 948 malefactorum,
1978 867 2093 949 qui
2166 875 2466 953 torquent
2521 874 2692 939 sicut

312 970 585 1039 lictores
598 1013 621 1051 ,
687 987 857 1053 quos
903 977 1216 1052 patronus
1270 967 1546 1050 jusserit
1608 970 1914 1054 torqueri.
2010 970 2135 1035 Est
2189 971 2382 1036 etiam
2427 972 2691 1055 quidam

320 1073 627 1139 otiicialis
685 1075 854 1137 satis
908 1082 1145 1156 potens
1209 1075 1278 1136 in
1337 1071 1563 1157 galea,
1630 1092 1825 1159 quem
1894 1076 2228 1141 nominant
2298 1080 2689 1161 scrffiunm,

308 1178 385 1247 id
441 1186 549 1242 est
602 1179 1022 1263 scriptorem,
1093 1179 1207 1263 qui
1261 1181 1486 1242 omnia
1539 1181 1804 1245 nomina
1863 1198 2287 1263 personarum
2347 1181 2582 1266 galeae
2618 1187 2690 1247 in

316 1286 584 1367 scriptis
624 1283 851 1367 habet,
888 1286 1210 1348 intrantes
1246 1285 1318 1346 in
1358 1285 1672 1366 portubus
1716 1286 2051 1370 inscribit,
2097 1297 2165 1352 et
2227 1297 2579 1371 exeuntes,
2623 1297 2691 1361 et

307 1388 428 1456 ille
476 1389 629 1453 lites
670 1398 851 1453 ortas
892 1389 979 1453 de
1015 1389 1267 1453 cumbis
1308 1390 1633 1472 componit
1671 1399 1738 1453 et
1774 1390 2040 1454 naulum
2111 1393 2345 1476 exig-it,
2387 1402 2454 1456 et
2488 1391 2694 1457 multa

314 1513 520 1580 agere
560 1494 779 1577 habet,
833 1503 899 1558 et
935 1503 1037 1558 est
1067 1495 1263 1557 etiam
1292 1503 1365 1558 ut
1402 1495 1827 1559 communiter
1863 1495 2055 1560 homo
2079 1497 2379 1563 omnibus
2415 1500 2686 1585 otiosus,

313 1610 387 1667 et
424 1598 583 1665 iilud
618 1597 916 1667 sufficiat
955 1598 1039 1663 de
1078 1598 1468 1664 officialibus
1506 1596 1762 1682 galeae.

316 1819 439 1895 De
486 1818 797 1895 Justitia
844 1828 925 1894 et
951 1817 1271 1913 Jndicio‚
1316 1843 1505 1920 quae
1548 1830 1937 1899 servantur
1981 1820 2055 1896 in
2102 1821 2321 1921 galea
2392 1830 2685 1898 exacte.

485 1988 571 2053 Ut
616 1998 831 2054 autem
862 1990 931 2053 in
970 1997 1152 2061 tanta
1193 1989 1597 2054 multitudine
1633 2010 1767 2076 pax
1808 1999 2129 2073 servetur,
2159 1989 2457 2073 justitiae
2497 1990 2685 2054 locus

310 2092 523 2179 datur,
581 2102 646 2157 et
691 2095 759 2157 in
806 2092 1000 2178 galea
1041 2102 1275 2157 exacta
1305 2094 1561 2199 justitia
1601 2105 1923 2165 servatur
1991 2094 2162 2160 Sunt
2202 2095 2376 2159 enim
2416 2097 2484 2157 in
2526 2092 2683 2158 navi

302 2196 590 2282 judices,
647 2201 760 2282 qui
804 2201 1057 2261 cunctis
1103 2197 1353 2283 diebuS,
1397 2210 1463 2263 et
1506 2202 1727 2264 causis
1770 2200 2251 2284 emergentibus
2291 2198 2523 2261 sedent
2564 2216 2685 2282 pro

312 2302 640 2386 tribunali,
696 2313 764 2366 et
805 2303 1072 2368 audiunt
1116 2311 1360 2387 partes,
1407 2313 1470 2367 et
1511 2308 1884 2369 examinant
1927 2321 2196 2387 cansas3
2240 2313 2306 2366 et
2351 2302 2683 2385 rigorosus

309 2424 665 2506 processus
724 2417 827 2475 est
862 2411 931 2470 in
977 2406 1188 2493 galea.
1275 2408 1547 2492 Insuper
1588 2410 1651 2472 si
1691 2409 1895 2494 aliqui
1940 2407 2021 2472 de
2067 2416 2347 2472 tractatu
2392 2407 2683 2574 facto¹¹¹
2611 2406 2684 2526 in

311 2512 514 2598 galea
581 2495 1086 2597 discordaverit,
1147 2513 1275 2575 nisi
1337 2514 1402 2575 in
1460 2514 1680 2578 navali
1734 2513 1981 2597 judicio
2037 2511 2560 2597 concordaverit,

314 2616 496 2680 nullo
536 2617 783 2702 Judicio
846 2618 1202 2682 admittitur
1255 2637 1424 2681 unus
1489 2630 1716 2683 contra
1772 2617 1970 2681 alium
2024 2625 2212 2680 extra
2282 2635 2490 2680 mare:
2558 2633 2683 2679 neo

315 2714 492 2787 unus
574 2732 829 2788 tenetur
891 2723 1077 2787 alteri
1132 2732 1314 2786 stare
1374 2732 1558 2787 extra
1636 2741 1877 2789 navem
1888 2742 1908 2804 3
1970 2738 2096 2784 nec
2162 2720 2402 2804 aliquis
2477 2717 2685 2801 judex

321 2835 534 2889 terrae
590 2845 666 2891 se
728 2829 1092 2893 intromittit
1147 2826 1231 2890 de
1297 2830 1736 2892 contractibus
1799 2826 2148 2890 celebratis
2209 2827 2278 2886 in
2336 2824 2517 2886 mari.
2605 2820 2682 2886 Si

316 2948 486 2995 unus
554 2935 881 2997 concessit
948 2933 1014 2997 X
1077 2933 1348 2997 ducatos
1413 2935 1481 2995 in
1551 2934 1751 3017 mari,
1837 2941 2183 3017 postquam
2275 2927 2359 2991 ad
2444 2936 2681 2991 terram

316 3040 649 3122 venerint,
727 3040 789 3102 si
851 3038 964 3102 ille
1029 3047 1229 3122 negat
1300 3056 1377 3101 se
1443 3039 1827 3122 accepisse,
1900 3056 2018 3121 per
2073 3036 2325 3100 nullum
2395 3031 2685 3116 judicem

318 3153 622 3228 cogetur,
667 3161 792 3207 nec
833 3152 1041 3207 testes
1083 3144 1504 3208 admittuntur
1545 3153 1774 3209 eontra
1817 3161 1984 3207 eum.
2073 3143 2175 3205 Ita
2218 3141 2441 3204 dicunt
2484 3137 2687 3201 mari-

319 3249 519 3331 narii;
564 3267 651 3310 an
695 3258 914 3313 autem
953 3248 1048 3311 ita
1088 3249 1196 3333 sit,
1226 3257 1314 3332 et,
1355 3249 1417 3311 si
1455 3248 1539 3313 de
1580 3250 1753 3312 facto
1792 3250 1889 3311 ita
1922 3246 2054 3331 fiat,
2091 3263 2178 3309 an
2220 3246 2307 3308 sit
2349 3242 2685 3327 rationale,

322 3352 572 3437 videat,
621 3355 732 3438 qui
773 3353 936 3417 vult.
1023 3352 1179 3417 Ideo
1222 3362 1441 3420 autem
1482 3362 1718 3416 exacta
1762 3351 2020 3437 justitia
2063 3359 2386 3415 servatur.
2472 3347 2683 3411 Fures

322 3457 518 3522 etiam
585 3459 970 3543 puniuntur,
1027 3457 1148 3521 sed
1193 3457 1442 3521 leniter.
1522 3458 1736 3522 Nemo
1796 3457 2207 3541 adjudicatur
2276 3454 2499 3537 morti,
2563 3450 2684 3516 sed

320 3560 438 3625 illa
485 3571 587 3627 est
641 3564 1065 3627 severissima
1105 3563 1436 3627 sententia
1490 3565 1718 3645 navis,
1782 3561 1956 3645 quod
2010 3580 2164 3657 reus
2219 3560 2435 3645 aliquo
2495 3559 2685 3643 gravi

318 3665 494 3731 facto
538 3666 620 3731 ad
687 3667 965 3731 chordas
1007 3666 1327 3752 trahitur,
1351 3676 1417 3730 et
1464 3668 1824 3750 percutitur
1865 3675 1988 3751 et,
1999 3675 2149 3759 post
2192 3666 2685 3748 castigationem

317 3773 388 3835 in
432 3772 795 3856 proximum
869 3770 1030 3856 (4⁹
1057 3774 1163 3853 A)
1223 3772 1379 3836 litus
1442 3771 1856 3865 deportatur,
1924 3778 1992 3832 et
2053 3771 2142 3833 ibi
2187 3769 2551 3855 dimittitur,
2618 3774 2685 3831 et

318 3880 511 3941 navis
554 3878 839 3963 recedit3
883 3882 983 3943 sic
1035 3879 1173 3944 vidi
1214 3876 1356 3943 fleri
1397 3875 1656 3940 cuidam
1719 3874 2113 3959 homicidae,
2175 3885 2242 3938 et
2308 3883 2557 3941 tantum
2602 3870 2685 3936 de

320 3983 472 4053 illo:
515 3985 811 4070 sequitur
853 3982 1048 4049 aliud.

500 4203 621 4281 De
666 4202 920 4283 divino
980 4203 1285 4300 Officio,
1332 4184 2080 4315 quomoflo'ingalea
2123 4199 2521 4306 peragitur.

492 4346 645 4413 Neo
696 4346 1241 4433 praetereundum
1322 4356 1462 4433 est,
1533 4346 1764 4415 videre
1822 4344 2099 4428 qualiter
2159 4363 2237 4409 se
2299 4343 2687 4425 navigantes

314 4450 616 4519 habeant
656 4455 745 4520 ad
784 4454 999 4523 Dum
1036 4454 1109 4518 in
1148 4450 1409 4573 aeti-llus
1462 4454 1710 4567 latriae.
1794 4451 2086 4538 Dignum
2124 4451 2296 4515 enlm
2339 4458 2461 4530 est,
2504 4454 2577 4509 ut
2615 4446 2686 4511 in
