3242 5259
1511 350 1641 449 2⁸5

559 528 655 594 10.
703 526 1138 613 Praembriuit,
1203 539 1286 593 ut
1320 532 1655 616 peregrini
1691 532 1812 617 per
1856 532 2005 599 loca
2044 532 2279 601 sancia
2328 541 2742 603 transeuntes

389 635 457 696 iu
503 634 741 718 templo
785 652 893 698 res
936 652 1098 698 suas
1131 638 1290 699 non
1303 635 1530 718 jacere
1559 638 1715 703 hine
1759 640 1829 700 et
1861 636 2017 711 inde
2056 638 2609 721 derelinquerent:
2657 660 2749 709 ιιο

391 754 509 801 eas
551 741 957 822 amitterent,
1018 739 1168 822 quia
1212 740 1647 825 frequenter
1627 762 1694 804 m
1735 743 1865 806 hoe
1913 742 2056 807 loco
2100 743 2279 806 furta
2328 748 2737 830 contingunt,

391 854 456 907 et
497 843 648 906 inde
689 844 1102 926 suspiciones
1142 853 1212 908 et
1254 846 1740 932 inquietudines
1784 847 2027 912 multae
2071 849 2378 912 oriuntur.

556 949 655 1012 11.
700 947 777 1011 Si
812 951 958 1031 qui
947 950 1422 1036 eleemosynas
1457 952 1542 1016 ad
1583 960 1819 1016 saneta
1876 950 2021 1016 loca
2061 969 2303 1037 ponere
2343 953 2623 1039 vellent,
2666 952 2737 1019 ef

391 1055 602 1136 magis
647 1051 1006 1118 Catholicis
1070 1070 1264 1138 quam
1321 1056 1778 1121 schismaticis
1843 1073 1960 1119 eas
2021 1056 2355 1141 faverent,
2429 1062 2734 1144 exposuit

390 1158 491 1221 eis
532 1158 677 1221 loca
719 1156 1199 1223 Catholieonm
1243 1167 1313 1224 et
1356 1161 1955 1226 schismaticorum.

561 1264 659 1327 12.
704 1261 896 1340 Quod
937 1262 1023 1327 de
1063 1267 1310 1329 sanctis
1345 1266 1527 1350 locis,
1554 1276 1628 1330 ut.
1671 1268 1856 1350 prius
1897 1274 2001 1329 est
2040 1274 2282 1330 tactum
2326 1268 2395 1331 in
2438 1270 2733 1335 articulis

387 1366 708 1452 inRama,
734 1369 894 1432 nihil
937 1368 1340 1455 descindaut,
1381 1379 1452 1434 et
1493 1390 1624 1436 uon
1662 1366 2018 1454 depingant
2060 1388 2240 1435 arma
2265 1378 2408 1458 sua,
2451 1393 2536 1437 ne
2585 1375 2732 1441 loca
2766 1424 2773 1431 .

387 1482 618 1537 sancta
656 1492 778 1557 per
815 1474 980 1538 haec
1018 1475 1541 1563 dehonestentur.

557 1576 658 1641 13.
703 1578 1103 1643 Hortabatur
1156 1599 1310 1663 nos,
1374 1589 1446 1643 ut
1491 1580 1762 1665 quilibet
1821 1598 1899 1644 se
1952 1581 2167 1665 ipsum
2231 1582 2585 1645 concitaret
2646 1581 2753 1644 ad-

389 1678 703 1746 actualem
760 1681 1169 1749 devotionem
1184 1731 1206 1769 ,
1271 1693 1337 1748 et
1379 1702 1522 1748 cum
1568 1686 1813 1750 honore
1863 1695 1931 1748 et
1976 1684 2348 1750 reverentia
2402 1696 2731 1750 uteremur

391 1788 550 1851 locis
590 1786 722 1850 illis
761 1789 1225 1873 sanctissimis,
1268 1797 1342 1853 ut
1382 1788 1646 1874 dignum
1690 1800 1811 1854 est.
1857 1789 2005 1872 (B)

389 1991 738 2093 Sequitur
796 1993 1179 2096 processio
1243 2016 1379 2096 per
1454 1993 1624 2071 loca
1704 2002 1966 2071 saneta
2045 1992 2420 2071 ecclesiae
2487 1993 2728 2070 sancti

389 2113 795 2217 sepulchri:
840 2122 920 2191 et
964 2114 1193 2217 primo
1224 2112 1323 2191 ad
1361 2113 1716 2216 capellam
1752 2115 1820 2191 b.
1863 2113 2217 2214 VirginiS,
2258 2124 2335 2190 et
2384 2112 2727 2215 ejusdem

801 2233 1133 2338 capellae
1187 2244 1265 2311 et
1312 2233 1638 2310 locorum
1688 2238 1857 2336 ejus
1906 2234 2333 2337 descriptio,

552 2420 869 2504 Acceptis
914 2419 1135 2503 itaque
1178 2416 1425 2501 regulis
1467 2419 1673 2480 nostri
1720 2418 2051 2500 regiminis
2097 2419 2166 2482 in
2213 2426 2442 2482 sancto
2482 2418 2731 2501 temple

387 2527 789 2589 accessimus
831 2524 1076 2609 singuli
1120 2521 1201 2585 ad
1247 2530 1680 2605 mercatores,
1743 2532 1810 2586 et
1853 2524 2125 2586 emimus
2179 2540 2406 2587 cereos
2448 2523 2533 2587 de
2574 2540 2727 2589 cera

385 2630 721 2697 albissima
783 2630 1236 2712 uuusquisque
1310 2642 1611 2710 magnam
1690 2627 1800 2689 vel
1863 2645 2171 2711 parvam,
2248 2627 2547 2692 decoram
2613 2627 2723 2691 vel

385 2735 777 2818 simplicem,
831 2743 1021 2817 prout
1062 2733 1350 2800 volebat.
1434 2730 1582 2794 Nec
1647 2731 1852 2795 defuit
1912 2732 2171 2795 vanitas
2232 2733 2431 2795 etiam
2473 2733 2539 2795 in
2595 2732 2725 2795 hoc

389 2838 591 2923 iacto,
657 2842 810 2922 quia
869 2839 1070 2921 aliqui
1139 2837 1465 2901 habebant
1519 2854 1747 2900 cereos
1809 2837 2066 2900 curiose
2119 2841 2328 2898 tortos
2418 2846 2483 2899 et
2567 2854 2725 2900 auro

385 2947 783 3029 picturisque
853 2950 1150 3024 ornatos,
1240 2959 1406 3025 quos
1470 2941 1850 3005 deferebant
1893 2959 2039 3004 cum
2102 2942 2574 3025 ostentatione,
2655 2947 2725 3004 et

386 3061 679 3114 caeteros
721 3068 868 3114 cum
925 3047 1328 3131 simplicibus
1388 3048 1600 3110 cereis
1660 3045 2042 3110 deridebant
2091 3051 2442 3128 arguentes
2483 3059 2601 3105 eos
2636 3040 2729 3105 de

385 3158 757 3219 tenacitate.
843 3155 1066 3237 Aliqui
1108 3152 1328 3235 plures
1394 3171 1623 3216 cereos
1666 3153 2000 3234 emebant,
2066 3168 2231 3233 quos
2272 3149 2340 3213 in
2405 3146 2726 3213 dominico

385 3262 729 3345 sepulchro
779 3257 1217 3324 incendebant
1255 3266 1321 3320 et
1362 3260 1936 3342 reextinguebant,
1985 3255 2304 3320 ducentes
2342 3270 2459 3317 eos
2500 3268 2727 3321 seeum

383 3366 468 3431 ad
510 3367 786 3450 patriam
828 3374 894 3428 et
935 3382 1152 3428 eorum
1188 3362 1560 3429 mulieribus
1599 3365 1669 3429 in
1709 3372 1897 3447 partu
1929 3360 2369 3424 laborantibus
2409 3373 2726 3421 accensos

385 3483 607 3536 tenere
654 3471 1004 3552 faciebant,
1043 3477 1118 3532 ut
1157 3470 1304 3532 sine
1340 3470 1813 3552 periclitatione
1851 3474 2173 3551 parerent.
2263 3463 2513 3526 Dicunt
2554 3463 2725 3525 enim

385 3576 696 3642 candelas
739 3576 887 3638 illas
930 3572 1013 3636 ad
1044 3574 1172 3638 hoc
1214 3590 1365 3636 esse
1407 3573 1637 3637 ubiles.

548 3682 782 3765 Porro,
820 3680 1158 3763 occupatis
1200 3678 1392 3741 nobis
1430 3679 1499 3740 in
1543 3677 1833 3742 emtione
1873 3692 2240 3757 cereorum,
2302 3668 2616 3756 parabant
2647 3690 2725 3737 se

385 3786 620 3855 tratres
665 3804 812 3850 cum
850 3795 1037 3868 patre
1080 3782 1490 3864 Guardiano,
1551 3789 1783 3846 vestes
1825 3796 2049 3844 sacras
2109 3778 2499 3860 induentes,
2558 3792 2723 3862 quas

381 3906 606 3957 mcum
648 3890 927 3954 tulerant
969 3888 1053 3952 de
1093 3895 1313 3953 monte
1349 3886 1536 3971 Syon
1577 3885 1661 3950 ad
1705 3885 2187 3970 processionem
2231 3883 2568 3949 solennem
2605 3903 2729 3967 per

383 3998 597 4061 omnia
638 4005 705 4059 et
745 4014 824 4059 eo
865 3994 1124 4079 ordine,
1178 3995 1353 4058 sicut
1400 3992 1694 4057 fecerant
1736 3992 1805 4055 in
1846 3999 2062 4054 monte
2103 3989 2324 4075 syon,
2364 3999 2439 4056 ut
2480 3988 2722 4055 dictum

381 4108 488 4165 est
529 4101 640 4165 fol.
684 4100 789 4164 04.
831 4100 916 4165 A.

547 4205 716 4270 Cum
777 4222 936 4289 ergo
999 4204 1218 4269 cuncti
1257 4203 1327 4267 in
1367 4218 1488 4266 suo
1553 4199 1784 4266 ordino
1842 4206 2094 4264 starent
2157 4218 2305 4266 cum
2373 4200 2722 4266 luminibus

375 4306 718 4396 accensis,
781 4311 1027 4395 incepit
1107 4317 1336 4374 cantor
1407 4307 1540 4372 alta
1581 4315 1648 4370 et
1699 4305 1989 4390 jocunda
2036 4324 2203 4372 voce
2245 4315 2433 4371 ante:
2517 4303 2722 4368 Salve

313 4470 320 4476 .
383 4414 686 4513 Regina,
747 4424 822 4481 et
863 4430 1010 4480 eam
1071 4432 1302 4527 omnes
1363 4415 1695 4498 prosecuti
1754 4428 1982 4479 sunm
2042 4420 2110 4475 et
2152 4428 2300 4477 cum
2362 4418 2559 4509 cantu
2608 4406 2722 4471 illo
