3242 5259
1648 311 1772 373 148

1077 640 1468 753 Sequitur
1530 618 1970 728 Tractatus
2030 606 2382 727 tertias(

536 838 940 921 continens
960 836 1160 916 Acta
1173 835 1732 938 Peregrinorum
1751 808 2037 913 Terrae
2052 835 2377 915 Sanctae
2395 860 2532 941 per
2551 786 2871 921 masena

650 960 985 1053 Junium,
1033 982 1172 1059 quo
1224 958 1572 1035 terminos
1624 958 1908 1034 Terrae
1959 956 2282 1036 Sanctae
2328 960 2749 1060 attigerunt.

2701 1078 2740 1105 ῌ

699 1126 845 1209 (Β)
905 1126 1161 1193 Junius
1202 1127 1446 1192 mensis
1463 1171 1485 1211 ,
1538 1126 1690 1191 dum
1748 1128 2020 1211 primum
2058 1127 2228 1192 diem
2283 1146 2475 1192 suum
2525 1127 2868 1227 inciperet,

532 1233 775 1316 incepit
837 1242 904 1297 et
958 1243 1180 1298 nostra
1256 1234 1576 1298 maritima
1637 1235 1955 1315 evagatio.
2005 1282 2008 1287 .
2049 1233 2212 1300 Erat
2270 1242 2487 1297 autem
2551 1231 2874 1296 dominica

533 1340 771 1421 prima.
780 1347 934 1422 post
986 1339 1226 1403 festum
1269 1337 1340 1401 S.
1385 1338 1737 1400 Trinitatis.
1820 1335 2089 1403 Summo
2131 1355 2289 1422 ergo
2344 1356 2534 1403 mane
2592 1336 2698 1400 die
2755 1335 2870 1399 illo

526 1445 928 1511 surreximus
970 1453 1123 1507 ante
1161 1444 1323 1508 solis
1363 1452 1593 1525 ortum,
1632 1449 1699 1504 et
1737 1451 2008 1504 cunctas
2050 1460 2158 1505 res
2201 1451 2458 1507 nostras
2500 1446 2570 1508 in
2608 1443 2870 1505 barcam

529 1567 852 1632 magnam,
896 1567 1065 1632 qnae
1105 1559 1258 1612 aute
1297 1556 1550 1632 portam
1593 1546 1826 1611 domus
1857 1548 2120 1631 hospitii
2158 1551 2362 1612 nostri
2395 1550 2631 1630 stabat,
2675 1564 2871 1630 quam

531 1654 1082 1736 conduxeramus‚
1147 1654 1565 1737 portavimus.
1622 1653 1737 1715 ‚Et
1779 1652 2122 1716 valedictis
2181 1654 2477 1718 omnibus
2534 1652 2618 1716 de
2678 1651 2869 1715 domo

528 1761 597 1823 in
638 1758 895 1820 barcam
941 1757 1417 1840 descendimus,
1447 1766 1514 1819 et
1554 1775 1673 1840 per
1715 1758 1944 1819 canale
1987 1767 2174 1820 extra
2212 1759 2437 1823 urbem
2457 1758 2870 1820 venetiauam

531 1862 920 1942 navigantes
1001 1862 1081 1924 ad
1154 1860 1467 1924 Sanctum
1542 1862 1889 1926 Nicolaum
1972 1863 2150 1927 alliiu
2231 1863 2675 1947 applicuimus.
2781 1861 2871 1923 Et

535 1965 844 2059 derelicto
879 1965 1151 2030 custode
1186 1985 1396 2030 rerum
1424 1950 1507 2029 ‘in
1542 1968 1740 2030 barca
1784 1970 1853 2031 in
1896 1969 2238 2032 ecclesiam
2280 1967 2561 2050 ingressi
2616 1982 2868 2034 snmus.

527 2071 650 2133 Est
693 2079 907 2134 autem
957 2072 1278 2133 ecclesiae
1319 2062 1409 2134 illi
1452 2071 1702 2156 grande
1742 2076 2202 2137 monasterium
2254 2091 2578 2136 annexum
2636 2087 2868 2135 mona-

529 2176 795 2239 chorum
859 2174 929 2238 S.
975 2162 1346 2239 Benedicti.
1415 2178 1505 2239 Et
1565 2179 1864 2261 quaesivi
1927 2181 2301 2262 sacristam,
2363 2187 2592 2262 petens
2651 2177 2730 2239 ab
2788 2194 2868 2238 eo

527 2290 904 2364 peramenta
959 2281 1308 2367 promissa,
1369 2290 1435 2344 et
1476 2291 1548 2346 ut
1592 2282 1675 2345 de
1715 2283 1964 2347 boccali
2020 2284 2170 2347 boni
2226 2283 2365 2345 vini
2431 2284 2867 2367 provisionem

530 2386 811 2471 faceret,
886 2393 1144 2469 praeter
1223 2389 1446 2450 vinum
1530 2387 1866 2472 sacrificii,
1946 2398 2014 2451 et
2080 2389 2147 2450 in
2229 2387 2415 2450 altari
2498 2387 2864 2450 collocaret.

529 2491 800 2557 Indutns
844 2509 1001 2573 ergo
1064 2491 1273 2553 sacris
1315 2493 1610 2556 vestibus
1672 2495 1931 2557 accessi
1973 2501 2040 2554 et
2079 2493 2355 2555 Missam
2400 2490 2483 2554 de
2515 2510 2522 2521 ·
2549 2490 2869 2554 dominica

524 2591 657 2678 legi
712 2594 1165 2677 praesentibus
1233 2597 1613 2678 peregrinis.
1699 2598 1863 2661 Post
1905 2598 2182 2660 Missam
2223 2598 2447 2659 vinum
2492 2595 2756 2663 allatum
2798 2597 2866 2659 in

529 2699 780 2762 boccali
850 2699 1153 2763 benedixi
1216 2700 1668 2766 benedictione
1728 2701 1799 2763 S.
1842 2702 2165 2765 Johannis
2239 2701 2737 2791 ljlvangelistae,
2801 2709 2869 2762 et

525 2802 820 2868 Dominis
860 2807 1024 2869 meis
1067 2808 1426 2889 peregrinis
1468 2817 1692 2891 potum
1733 2804 1905 2889 dedi,
1949 2824 2233 2870 amorem
2277 2804 2346 2868 S.
2390 2806 2708 2868 Johannis
2749 2825 2867 2889 pro

533 2908 709 2972 felici
769 2919 833 2972 et
895 2908 1606 2999 prospero-successu.
1695 2908 1840 2989 Quo
1899 2909 2139 2973 devote
2196 2918 2456 2993 peracto
2520 2910 2871 2991 reingressi

524 3030 751 3078 sumus
792 3016 861 3076 in
903 3014 1198 3098 barcam,
1274 3023 1345 3077 et
1386 3026 1574 3080 extra
1613 3026 1868 3100 portum
1929 3015 2350 3079 venetianum
2418 3015 2872 3098 navigavimus

525 3136 644 3200 per
681 3116 969 3180 medium'
1004 3118 1271 3180 duorum
1321 3118 1771 3201 castellorum,
1812 3138 1982 3203 quae
2025 3120 2333 3183 claudunt
2375 3130 2630 3204 portum
2667 3118 2866 3183 illum.

525 3218 758 3283 Stabat
800 3222 970 3285 euim
1012 3222 1205 3304 galea
1244 3232 1471 3286 nostra
1502 3224 1691 3306 quasi
1726 3242 1844 3306 per
1876 3243 2076 3289 unum
2107 3225 2356 3289 miliare
2396 3235 2582 3288 extra
2613 3235 2865 3309 portum

520 3326 588 3386 in
654 3324 833 3388 mari.
931 3326 1133 3390 Porro
1213 3328 1402 3390 nobis
1479 3329 1944 3411 navigantibus
2008 3331 2291 3392 surrexit
2361 3339 2601 3393 ventus
2680 3333 2867 3395 nobis

521 3429 806 3512 inutilis,
864 3440 929 3494 ct
983 3429 1504 3514 impedimentum
1564 3435 1920 3519 praestitit,
1985 3438 2079 3499 ita
2140 3434 2312 3519 quod
2356 3439 2472 3498 vix
2512 3436 2580 3498 in
2617 3436 2866 3499 duabus

523 3535 698 3598 horis
776 3552 923 3598 cum
986 3553 1227 3620 magua
1294 3536 1679 3602 difficultate
1753 3549 2127 3623 poteramus
2196 3539 2453 3622 galeam
2525 3542 2867 3624 attingere.

524 3638 814 3700 Tandem
880 3642 1096 3705 autem
1171 3661 1318 3705 cnm
1384 3643 1469 3707 ad
1534 3662 1677 3708 eam
1731 3646 2195 3728 -venissemus,
2276 3646 2692 3709 ascendimus
2751 3664 2872 3729 per

516 3742 781 3826 gradus,
804 3762 1077 3829 eamque
1117 3748 1374 3851 plenam
1408 3750 1774 3814 homiuibus
1816 3750 2192 3833 reperimus,
2230 3759 2294 3812 et
2322 3751 2543 3813 socios
2584 3759 2864 3833 nostros,

518 3866 685 3931 quos
729 3859 1015 3932 quatuor
1047 3852 1188 3918 dies
1234 3858 1875 3940 antepraemisimus,
1943 3854 2193 3918 debiles
2223 3856 2651 3935 ‚invenimus,
2714 3855 2867 3935 quia

520 3971 607 4016 ex
667 3964 1010 4020 ventorum
1084 3960 1369 4043 impulsu
1444 3944 1656 4025 navis'
1705 3963 2049 4024 contrariis
2131 3950 2416 4031 motibus
2479 3959 2724 4039 agitata
2781 3953 2864 4017 ad

515 4059 838 4123 anchoras
873 4059 1107 4143 jacens
1172 4082 1286 4127 eos
1347 4058 1814 4131 debilitaverat.
1904 4065 1982 4125 In
2056 4072 2276 4125 nostro
2320 4046 2538 4125 ta'men
2594 4067 2865 4142 aspectu

523 4158 858 4233 laetificati
900 4166 1132 4230 melius
1191 4169 1430 4232 habore
1492 4175 1876 4250 coeperunt,
1951 4175 2018 4228 et
2062 4166 2361 4229 Dominis
2405 4162 2864 4228 amaritudines

515 4272 750 4353 maris,
798 4288 962 4354 quas
1005 4268 1325 4337 modicum
1365 4271 1562 4335 valde
1600 4279 2061 4354 gustaverant,
2102 4277 2549 4334 narraverunt.
2615 4268 2888 4349 Eodem,

514 4372 620 4438 die
675 4378 931 4461 rogavit
989 4395 1095 4442 me
1157 4376 1416 4462 quidam
1476 4376 1666 4441 miles
1682 4386 1738 4458 ,·'
1770 4384 1844 4443 ut
1910 4390 2134 4440 seeum
2200 4375 2268 4437 in
2330 4375 2530 4440 barca
2585 4374 2860 4440 redirem
