3242 5259
1482 322 1616 396 20⁷

355 516 739 595 ‘asiam-mn,
801 517 870 572 et
909 509 1177 573 stabant
1219 508 1486 574 asinarii
1524 523 1649 571 nos
1672 505 2190 589 ‘exspectantem
2255 515 2326 570 et
2354 525 2559 592 quan
2582 509 2729 596 *cito

383 617 769 704 peregrinus
813 616 880 676 in
919 612 1180 696 planum
1223 615 1433 700 venit,
1476 613 1751 695 arriptit
1799 629 1945 674 eum
1988 597 2349 692 proximior
2384 616 2727 696 asbiarius,

379 731 450 786 et
491 723 679 790 duxit
741 739 888 784 eum
932 716 1015 781 ad
1060 719 1282 780 asinos
1335 734 1511 780 suos.
1596 715 1788 780 Unde
1859 733 2315 798 nonuunquam
2377 719 2729 801 contingit,

343 869 362 894 -.
386 825 558 910 qnod
601 823 727 889 duo
767 823 881 889 ¹vel
923 829 1064 888 tres
1105 822 1367 884 trahunt
1423 840 1620 884 unum
1666 821 2110 903 peregrinum,
2177 838 2346 883 unus
2408 821 2492 884 ad
2552 823 2729 887 illam

383 939 662 1014 partem,
699 930 864 993 alius
908 926 990 990 ad
1034 927 1260 989 aliam:
1307 928 1480 1010 qnia,
1511 933 1857 1010 postquam
1898 925 2126 987 rustici
2169 926 2237 985 in
2278 923 2459 1010 villis
2503 929 2730 1009 prui-

363 1037 509 1112 ·m,is
566 1034 838 1098 audiunt
880 1035 1259 1116 peregrinos
1302 1031 1383 1122 ad
1428 1049 1612 1115 esse,
1675 1025 2008 1094 adducunt
2064 1027 2300 1092 multos
2358 1030 2616 1114 asinos,
2660 1040 2730 1094 et

384 1140 607 1222 plures
651 1157 840 1223 quam
879 1139 1019 1204 sint
1059 1139 1404 1220 peregrini.
1491 1136 1647 1199 Ideo
1696 1136 1971 1220 quilibet
2007 1142 2278 1197 conatur
2318 1138 2729 1217 peregrinum

377 1244 464 1306 ad
506 1261 665 1307 suos
719 1244 956 1306 asinos
995 1241 1260 1311 ducere.
1344 1242 1530 1305 Unus
1595 1243 1767 1304 enim
1827 1240 2230 1303 Sarracenus
2294 1238 2555 1304 adducit
2598 1238 2728 1340 VJJ

381 1350 490 1424 vel
555 1349 714 1412 Vm
772 1349 1031 1429 asinos,
1095 1350 1207 1431 qui
1249 1349 1352 1409 sni
1395 1355 1566 1409 sunt.
1655 1346 1906 1409 Idcirco
1970 1346 2326 1427 contingit,
2380 1341 2556 1426 qued
2598 1362 2735 1412 non

380 1462 533 1524 mut
567 1453 702 1516 nisi
748 1452 1010 1515 ducenti
1053 1431 1417 1535 peregrini,
1462 1457 1530 1513 et
1572 1450 1981 1515 adducuntur
2027 1450 2487 1534 quadringenti
2525 1449 2728 1531 asini3

382 1559 531 1622 ideo
576 1558 834 1620 asinarii
875 1557 1065 1620 simul
1107 1556 1506 1620 contendunt
1547 1575 1663 1638 pro
1719 1557 2118 1638 peregrinis,
2182 1564 2251 1618 et
2296 1555 2564 1617 trahunt
2612 1570 2728 1616 eos

381 1663 535 1726 hinc
578 1668 647 1723 et
709 1660 894 1723 inde:
966 1665 1121 1744 quia
1163 1663 1293 1745 ille,
1337 1661 1418 1722 ad
1463 1677 1655 1744 quem
1718 1660 1933 1723 nullus
1997 1664 2385 1745 peregrinus
2446 1662 2728 1742 veniret,

378 1769 589 1850 gratis
631 1785 776 1830 cum
832 1768 971 1829 suis
1035 1768 1242 1829 asinis
1296 1765 1695 1828 advenisset.
1790 1767 1981 1829 Hanc
2022 1786 2157 1829 rem
2200 1768 2269 1828 in
2328 1765 2534 1848 prima
2585 1780 2731 1826 mea

379 1872 904 1956 peregrinatione
954 1890 1084 1932 non
1149 1872 1477 1952 intellexi,
1551 1879 1623 1933 et
1668 1889 1812 1934 cum
1869 1870 2392 1951 descendissem,
2448 1869 2729 1932 accurrit

367 1996 555 2054 ,unus
595 1977 871 2044 Maurus
915 1977 1142 2068 niger,
1209 1986 1276 2039 et
1333 1979 1703 2060 importune
1776 1978 2043 2059 arripuit
2099 1994 2232 2059 me,
2296 1975 2554 2037 trahere
2613 1991 2723 2037 me

379 2082 612 2150 volens
655 2080 738 2144 ad
768 2084 1095 2144 asinorum
1126 2099 1415 2164 gregem,
1445 2080 1634 2162 juxta
1657 2100 1847 2163 quem
1888 2088 2028 2143 erat
2050 2079 2362 2143 mirabilis
2388 2079 2737 2143 tumultus.-

377 2189 525 2270 Ego
568 2205 726 2249 vero
770 2190 1006 2249 timens
1051 2199 1135 2248 ne
1177 2206 1281 2249 me
1322 2187 1602 2269 spoliare
1645 2186 1881 2268 vellet,
1926 2186 2158 2248 fortius
2200 2187 2481 2266 retraxi,
2542 2191 2612 2246 et
2653 2185 2726 2246 vi

382 2309 620 2376 mag-na
662 2311 766 2354 me
807 2291 892 2355 de
932 2292 1229 2356 manibus
1272 2291 1416 2374 ejus
1457 2293 1756 2374 excussi,
1801 2300 1867 2352 et
1909 2307 2056 2351 cum
2106 2290 2492 2351 festinantia
2540 2303 2731 2349 reas-

380 2395 568 2460 cendi
625 2399 693 2459 in
737 2397 969 2477 locum,
1015 2397 1124 2457 ubi
1168 2399 1433 2458 stabant
1476 2396 1790 2478 praefecti
1831 2407 1975 2457 cum
2023 2391 2395 2477 luminibus,
2439 2398 2509 2454 et
2549 2390 2729 2456 Rau-1

380 2500 714 2567 Gardiano
758 2521 890 2562 rem
929 2509 1184 2582 gestam
1228 2504 1504 2564 narravi.
1553 2503 1718 2562 Hoc
1763 2498 2037 2562 audiens
2080 2493 2451 2564 Gardiauus
2494 2494 2665 2562 dixit
2705 2515 2723 2558 z

378 2608 509 2670 cito
553 2609 684 2668 cito
749 2603 1159 2688 descendite,
1224 2613 1292 2667 et
1335 2600 1704 2688 quicunque
1754 2620 1880 2667 vos
1937 2600 2178 2664 ducere
2230 2601 2434 2685 velit,
2494 2608 2730 2683 sponte

381 2728 527 2774 cum
571 2727 653 2772 eo
717 2710 829 2772 ite.
909 2710 1024 2771 Me
1085 2719 1299 2773 autem
1378 2709 1805 2773 descendenti
1876 2708 2163 2770 occurrit
2238 2706 2397 2769 mihi
2465 2704 2726 2788 quidam
2796 2723 2805 2730 ·

380 2814 820 2897 Sarracenus,
886 2825 949 2877 et
994 2833 1152 2878 casu
1211 2816 1441 2880 dextra
1483 2832 1604 2878 sua
1648 2811 2075 2896 apprehendit
2140 2809 2435 2873 dextram
2494 2826 2728 2891 mam,

381 2928 450 2982 et
490 2919 807 2983 velociter
847 2925 1162 3004 cucurrit,
1228 2924 1383 3004 quia
1437 2920 1572 3002 jam
1616 2919 1841 2982 cuncti
1881 2920 1950 2979 iu
1992 2918 2201 2979 asinis
2249 2913 2602 2995 sedebant3
2649 2929 2728 2976 eo
2772 2979 2805 3010 .-

377 3041 540 3089 πετο
598 3034 934 3108 currente,
1007 3030 1289 3109 cogebar
1345 3032 1415 3087 et
1469 3043 1594 3108 ego
1663 3040 1925 3088 currere
1986 3013 2347 3082 lateraliter
2406 3026 2473 3081 et
2533 3016 2724 3100 male,
2760 3093 2783 3114 ·

380 3132 566 3213 quia,
609 3137 684 3192 ut
727 3130 893 3213 dixi,
936 3149 1057 3195 sua
1095 3132 1323 3195 dextra
1358 3131 1611 3193 fortiter
1672 3130 1937 3191 tenebat
2000 3144 2208 3188 meam
2281 3122 2613 3205 dextram,
2650 3128 2728 3184 et

381 3237 478 3297 ita
514 3237 814 3316 currebat
858 3256 1140 3319 mecum,
1198 3257 1313 3321 per
1352 3234 1642 3319 lapides,
1698 3231 1781 3296 ad
1826 3250 1991 3317 quos
2033 3250 2158 3315 ego
2204 3229 2285 3293 ad
2355 3228 2533 3294 latus
2572 3244 2729 3291 cur·-
2748 3219 2825 3274 ⁴·-

381 3355 568 3420 rens,
613 3336 852 3401 offendi
907 3342 1327 3427 aliquotiens,
1396 3347 1465 3402 et
1506 3337 1736 3402 cecidi.
1824 3336 2111 3399 Tandem
2156 3334 2240 3397 ad
2302 3338 2543 3406 asinos.
2569 3350 2727 3398 sues

376 3445 674 3526 pervenit
743 3461 996 3509 mecum
1060 3456 1129 3510 et
1179 3450 1336 3512 mihi
1376 3445 1613 3509 bonum
1674 3446 1929 3506 asinum
1992 3459 2266 3525 parvum
2340 3447 2409 3502 et
2456 3455 2541 3501 ex
2586 3447 2726 3502 toto

380 3550 634 3632 nigrum
677 3547 886 3635 dedit,
930 3561 995 3614 et
1039 3553 1305 3616 multam
1343 3553 1691 3614 amicitiam
1737 3557 1801 3610 et
1843 3546 2365 3610 benevolentiam
2409 3546 2565 3608 mihi
2600 3559 2727 3628 per

376 3661 581 3717 totam
654 3658 921 3737 primam
991 3658 1574 3741 peregrinationem
1647 3652 1950 3717 ostendit.
2062 3652 2254 3713 Licet
2318 3651 2489 3712 enim
2554 3649 2726 3724 facie

377 3758 661 3823 crudelis
701 3758 1061 3842 videretur,
1129 3761 1219 3821 ita
1261 3760 1432 3843 quod
1483 3762 1552 3823 in
1592 3760 1910 3842 principio
1960 3753 2158 3818 valde
2207 3773 2356 3817 eum
2401 3758 2723 3837 timerem,

376 3876 595 3930 tamen
635 3873 813 3929 totus
843 3867 1165 3948 benignus
1206 3876 1367 3946 erat,
1399 3873 1468 3928 et
1509 3865 1690 3927 miris
1735 3861 2068 3944 obsequiis
2096 3860 2254 3922 mihi
2293 3861 2723 3943 ministrabat,

379 3973 573 4036 etiam
632 3982 975 4055 antequam
1021 3974 1204 4034 novit
1265 3970 1669 4035 conditiones
1712 3986 1911 4032 meaa.
1996 3969 2161 4030 Erat
2220 3975 2434 4030 autem
2486 3981 2724 4031 servus

378 4076 716 4158 cujusdam
741 4075 978 4140 dommi
1022 4072 1388 4159 Sarraceni,
1438 4094 1629 4160 quem
1676 4094 1798 4159 ego
1841 4092 1970 4137 nou
2021 4074 2201 4156 novi,
2233 4075 2347 4157 qui
2391 4072 2726 4136 dicebatur

377 4180 650 4265 Galela,
719 4192 786 4245 et
827 4199 1064 4246 servus
1108 4185 1556 4245 nominabatur
1598 4181 1851 4263 Cassa,
1928 4186 1996 4241 et
2040 4181 2410 4263 quicunque
2462 4191 2723 4242 servum

378 4287 557 4350 illum
601 4305 840 4352 vocare
879 4288 1116 4372 voluit,
1160 4289 1474 4352 ambobus
1514 4287 1883 4349 nominibus
1931 4305 2077 4350 eum
2120 4284 2395 4352 vocavit
2448 4279 2724 4345 Galela-

380 4409 594 4456 cassa.
677 4396 764 4457 Et
807 4395 932 4458 hoc
985 4392 1134 4476 (B)
1186 4394 1506 4462 asinarius
1546 4392 1757 4457 Cassa
1800 4391 1955 4457 mihi
2000 4391 2204 4469 dixit,
2251 4385 2424 4473 qaod
2466 4382 2724 4468 quando
