3242 5259
1626 294 1757 360 258

528 499 649 578 De
700 498 869 578 loeo
919 492 1360 597 sepulturae
1402 487 1510 569 S:
1535 471 1895 594 Stephani
1941 495 2113 592 post
2158 491 2328 589 ejus
2369 484 2879 566 inventionem.

700 676 924 756 (loo
950 676 1055 752 A]
1101 672 1458 759 Coquinam
1503 672 1742 737 dictam
1780 671 2279 757 dereliquimus,-.
2304 678 2373 736 et
2411 669 2683 735 ulterius
2722 687 2883 754 pro-

532 784 848 851 cedentes
892 782 975 844 ad
1019 782 1231 845 locum
1278 779 1614 859 venimus,
1656 775 1724 840 in
1770 796 1898 862 quo
1943 777 2014 840 S.
2061 775 2438 859 Stephanus
2495 775 2879 840 sesundario

529 891 655 955 snit
713 889 1046 972 sepultus,
1102 904 1250 949 cum
1307 886 1456 948 aliis
1518 886 1793 966 repertis
1836 884 1901 946 in
1950 902 2107 967 agro
2165 882 2248 946 de
2291 880 2589 964 Galabri‚
2658 881 2882 965 quint

527 996 755 1079 opinor
798 1013 926 1056 non
969 993 1165 1077 longe
1230 996 1371 1053 erat
1413 992 1495 1052 ab
1539 988 1867 1072 Anathot,
1935 1005 2104 1071 quae
2170 986 2330 1051 villa
2402 1004 2605 1071 supra
2669 985 2878 1050 locum

527 1099 949 1185 lapidationis
1012 1097 1084 1161 S.
1132 1095 1455 1179 Stephani
1519 1103 1744 1157 contra
1800 1094 2165 1179 aquilonem
2227 1095 2357 1156 sita
2414 1099 2549 1173 est,
2612 1100 2680 1154 et
2737 1097 2881 1153 erat

531 1224 695 1289 ager
735 1205 847 1267 ille
890 1202 1299 1284 Gamalielis,
1350 1199 1460 1285 qui
1505 1200 1714 1282 rapuit
1759 1217 1994 1282 corpus
2036 1197 2107 1261 S.
2153 1196 2473 1281 Stephani
2530 1196 2879 1261 extrahens

528 1310 612 1376 de
648 1309 972 1394 lapidibus
1015 1318 1081 1372 et
1114 1309 1185 1370 in
1229 1323 1415 1370 suum
1450 1323 1675 1388 agrum
1705 1303 2050 1388 transtulit,
2083 1304 2195 1367 ubi
2232 1311 2297 1365 et
2329 1304 2494 1387 ipse,
2517 1301 2880 1385 etAbybos

527 1415 703 1480 filius
740 1414 906 1498 ejus,
950 1422 1018 1476 et
1061 1407 1464 1475 Nicodemns
1506 1419 1735 1493 postea
1776 1409 2013 1495 sepulti
2055 1418 2242 1473 sunt:
2287 1418 2351 1473 et
2394 1407 2653 1472 tandem
2697 1415 2882 1470 extra

529 1520 820 1584 notitiam
864 1518 1191 1583 hominum
1236 1524 1579 1584 venerunt.
1666 1515 1857 1580 Unde
1913 1521 2065 1599 post
2109 1514 2312 1577 multa
2372 1523 2664 1597 tempora
2706 1512 2881 1576 facta

533 1625 652 1688 t'uit
697 1624 905 1687 fames
946 1621 1167 1687 valida
1206 1631 1470 1706 propter
1511 1629 1728 1684 terrae
1783 1621 2182 1703 siccitatem,
2240 1639 2371 1683 non
2415 1620 2584 1682 enim
2629 1617 2881 1702 pluerat

530 1746 728 1812 super
778 1734 1018 1790 terram
1061 1726 1283 1791 multis
1337 1728 1687 1791 mensibus.
1772 1725 2163 1790 Revelatum
2221 1734 2324 1788 est
2379 1733 2594 1788 autem
2649 1723 2878 1806 Lucio,

531 1834 676 1897 viro
718 1840 970 1914 sancto,
1010 1832 1184 1916 quod
1225 1833 1543 1895 Dominus
1586 1850 1717 1896 non
1759 1835 2220 1916 propitiaretur
2255 1840 2488 1913 terrae,
2530 1848 2723 1913 quam
2766 1827 2878 1891 diu

535 1937 848 2019 reliquiae
890 1936 1042 2002 illae
1081 1945 1309 1999 essent
1349 1937 1492 1998 sine
1535 1937 1801 2021 honore,
1829 1946 1894 2001 et
1933 1937 2210 2002 coelitus
2252 1938 2379 2001 sibi
2410 1954 2569 2020 agro
2593 1942 2879 2016 ostenso,

538 2044 608 2106 in
658 2059 786 2125 quo
830 2041 1142 2124 reliquiae
1183 2039 1333 2104 illae
1372 2049 1596 2104 essent
1639 2041 1968 2127 sepultae,
2013 2052 2232 2107 notum
2275 2043 2401 2106 hoc
2443 2041 2598 2104 fecit
2637 2038 2880 2102 Sancto

530 2147 838 2229 Iohanni,
860 2147 1168 2230 episcopo
1210 2144 1785 2230 Jerosolymitano,
1812 2150 1923 2231 qui
1955 2168 2104 2213 cum
2139 2147 2435 2212 sollemni
2466 2144 2881 2229 processione

535 2250 621 2315 ad
670 2270 894 2335 agrum
955 2252 1307 2334 processit,
1372 2259 1440 2313 et
1501 2249 1825 2314 fodientes
1888 2254 2275 2317 invenerunt
2319 2268 2555 2333 corpus
2608 2248 2679 2312 S.
2721 2246 2895 2336 Steg

535 2357 764 2440 phani,
829 2373 974 2418 cum
1039 2355 1309 2439 reliquis
1353 2373 1498 2420 cum
1544 2374 1623 2418 eo
1667 2356 1975 2440 sepultis,
2042 2366 2108 2420 et
2149 2363 2571 2442 portaverunt
2613 2353 2770 2417 illud
2813 2355 2881 2414 in

539 2447 892 2526 ecclesiam
925 2469 1224 2525 sanctam
1261 2459 1482 2543 Syon,
1523 2470 1588 2524 et
1636 2478 1752 2524 eos
1786 2463 1854 2524 in
1896 2462 2008 2526 illo
2069 2462 2212 2526 loco
2251 2460 2605 2526 honorifice
2646 2477 2880 2522 recon-

537 2564 853 2630 diderunt.
938 2565 1184 2630 Eadem
1227 2567 1385 2630 hora
1425 2565 1650 2649 pluvia
1689 2583 1933 2650 magna
1973 2566 2344 2650 descendit,
2389 2576 2457 2630 et
2495 2574 2668 2629 terra
2705 2565 2884 2628 fruc-

537 2677 678 2736 tum
738 2682 1121 2736 consuetum
1187 2669 1493 2753 reddidit,
1561 2679 1631 2735 et
1674 2672 1873 2734 multa
1913 2673 2023 2737 hic
2077 2671 2393 2735 mirabilia
2450 2673 2879 2755 contigerunt.

535 2773 737 2844 Porro
779 2782 1016 2860 postea
1056 2777 1316 2862 quidam
1361 2776 1595 2840 nobilis
1642 2777 1724 2841 de
1748 2776 2309 2861 Constantinopoli
2338 2776 2621 2840 devotus
2654 2783 2883 2862 sancto

537 2880 872 2965 Stephano
941 2901 1088 2947 cum
1147 2900 1350 2947 uxore
1402 2900 1525 2945 sua
1588 2882 1858 2947 Juliana
1915 2882 2367 2947 transfretavit
2430 2889 2498 2943 et
2540 2883 2609 2943 in
2664 2888 2884 2943 monte

539 2985 727 3071 Syon
769 2986 853 3050 ad
895 2986 1240 3049 ecclesiam
1287 2985 1472 3070 Syon
1513 2987 1977 3052 habitationem
2020 2988 2151 3052 sibi
2207 2986 2437 3071 elegit,
2481 2995 2548 3049 et
2586 2982 2646 3047 ⁷.
2689 2984 2884 3047 annis

538 3091 627 3153 ibi
668 3090 917 3173 degens
965 3096 1260 3153 mortuus
1303 3097 1438 3175 est,
1484 3110 1654 3156 uxor
1696 3101 1911 3156 autem
1954 3092 2097 3175 ejus
2140 3092 2298 3157 t'ecit
2342 3093 2469 3156 sibi
2509 3090 2650 3155 fleri
2702 3096 2885 3152 tum-

536 3195 689 3258 bam
726 3194 1003 3257 similem
1044 3192 1304 3255 tumbae
1346 3191 1417 3256 S.
1463 3193 1813 3280 Stephani,
1880 3215 2154 3282 eamque
2209 3197 2396 3280 juxta
2438 3197 2513 3263 S.
2566 3196 2882 3281 Stephani

539 3315 779 3380 corpus
843 3296 1207 3369 collocavit.
1306 3297 1468 3361 Post
1532 3299 1778 3388 aliquot
1847 3301 1990 3368 dies
2044 3303 2276 3368 volens
2329 3303 2593 3366 Juliana
2647 3301 2885 3365 reverti

540 3402 1148 3487 Constantinopolin
1178 3404 1532 3488 postulavit
1574 3407 1656 3469 ab
1701 3410 2008 3491 episcopo
2049 3407 2603 3492 Jerosolymitano
2645 3421 2881 3489 corpus

536 3508 694 3591 viri,
739 3518 807 3571 et.
870 3510 1210 3594 ingressus
1254 3510 1602 3593 episcopus
1659 3509 1890 3577 Sancti
1947 3512 2264 3598 Stephani
2322 3514 2669 3580 oratorium
2725 3530 2882 3595 pro—

540 3611 724 3678 duxit
770 3612 938 3678 duos
1005 3614 1254 3679 loculos
1324 3625 1701 3699 argenteos,
1769 3615 2000 3683 dicens
2051 3619 2328 3701 mulieri,
2371 3619 2542 3702 quod
2603 3615 2883 3681 loculum

539 3720 645 3780 sui
715 3719 841 3782 viri
904 3722 1251 3805 reciperen
1318 3731 1385 3784 et
1447 3722 1700 3805 accepit
1761 3723 1992 3788 mulier
2062 3723 2339 3788 loculum
2402 3722 2473 3787 S.
2542 3720 2881 3805 Stephani,

540 3830 780 3904 putans
824 3841 976 3918 esse
1017 3825 1300 3890 loculum
1341 3826 1484 3890 viri.
1528 3828 1623 3894 At
1666 3846 1813 3893 cum
1855 3847 1974 3913 per
2015 3849 2191 3894 mare
2232 3830 2639 3912 navigarent,
2664 3827 2883 3890 multis

545 3929 873 3993 miraculis
916 3941 1184 4014 experta
1225 3939 1351 4015 est,
1399 3949 1477 3994 se
1517 3933 1760 3998 habere
1794 3954 2031 4020 corpus
2050 3937 2279 4001 Sancti
2301 3935 2641 4018 Stephani,
2685 3941 2751 3996 et
2790 3933 2885 3996 ita

517 4029 873 4100 'inductum
938 4032 1562 4119 Constantinopolin.
1661 4039 1937 4104 Demnm
2004 4041 2088 4105 de
2149 4038 2711 4122 Constantinopoli
2782 4044 2887 4101 est

541 4139 918 4202 translatum
999 4139 1310 4223 Romam,
1381 4142 1491 4204 ubi
1559 4143 1752 4207 hodie
1829 4147 2109 4231 quiescit
2172 4163 2319 4209 cum
2375 4143 2450 4212 S.
2507 4142 2881 4207 Laurentio.

542 4243 618 4305 In
663 4242 805 4307 loco
857 4261 1013 4327 ergo
1055 4233 1386 4327 praedicto
1421 4245 1590 4329 jam.
1619 4229 1773 4313 stat·
1802 4270 2000 4316 unum
2044 4251 2247 4314 altare
2287 4253 2411 4316 sub
2467 4249 2650 4331 divo,
2709 4243 2885 4333 quod

543 4346 784 4412 fratres
820 4358 1182 4434 erexerunt,
1216 4360 1283 4415 et
1323 4352 1390 4413 in
1431 4339 1788 4418 festivitate
1810 4357 1897 4421 ibi
1924 4357 2169 4423 Missas
2197 4359 2544 4423 celebrant.
2569 4355 2884 4438 Legimus
