3242 5259
991 1038 1899 1241 Ems'ltem

627 1464 1242 1592 fimum
1287 1462 1747 1592 min
1793 1438 2271 1591 mmm

358 1693 618 1759 Ordinis
681 1691 1191 1757 Pruaioatormn
1204 1735 1225 1774 ,
1242 1670 1376 1752 ‘ad
1412 1640 1696 1754 ‘Fratres
1768 1692 2124 1756 emeatus
2208 1688 2527 1753 Ulmanus

1155 1797 1433 1878 ejusdem
1472 1797 1711 1865 mainis

272 1965 393 2040 De
453 1957 1039 2066 peregrinatione
1110 1938 1398 2034 Terra'e
1479 1956 1806 2036 Sanctae
1875 1966 1955 2032 et
2029 1956 2475 2033 lherusalem
2536 1966 2614 2031 et

696 2088 1141 2197 sanctorum·
1160 2078 1502 2154 montium
1553 2076 1770 2181 Syon
1813 2086 1891 2153 et
1937 2075 2191 2179 Synai.

439 2249 842 2350 Religiosis
880 2283 960 2328 ac
1009 2262 1264 2326 devotis
1318 2280 1397 2326 ac
1437 2264 1507 2327 iu
1529 2262 1792 2337 Chrism
1835 2263 1962 2327 sibi
1991 2260 2261 2324 delectis
2306 2259 2613 2323 fratribus

276 2371 660 2438 Conventus
684 2368 1037 2451 Ulmeusis,
1080 2358 1894 2451 ordiniss‘raedicatorum,
1937 2366 2167 2428 Frater
2184 2364 2375 2430 Felix
2399 2367 2616 2454 Fabri,

276 2477 571 2561 ejusdem
613 2474 858 2537 ordinis
913 2480 982 2533 et
1038 2469 1461 2556 Conventus,
1523 2481 1750 2537 vester
1803 2470 2163 2555 confrater,
2227 2472 2503 2537 salutem
2549 2476 2614 2538 in

272 2582 552 2647 Domino
596 2574 1072 2658 sempftemam.
1100 2576 1141 2617 ¹·
1224 2580 1261 2647 ⁸,

445 2680 755 2746 Petitioni
792 2685 1093 2761 vestrae,
1125 2675 1491 2741 charissimi
1531 2678 1786 2762 fratres,
1837 2679 2222 2743 satisfacere
2260 2698 2377 2762 pro
2419 2698 2620 2763 posse

276 2795 557 2857 conatus
599 2802 766 2868 sum,
810 2800 941 2866 qua
980 2800 1086 2844 me
1127 2799 1169 2843 a
1210 2778 1425 2865 vo*²
1444 2782 1852 2847 recedentem
1891 2801 2127 2847 versus
2159 2781 2498 2847 Orientem
2538 2783 2619 2846 ad

281 2902 503 2980 partes
547 2887 1017 2959 transmarinos
1058 2885 1373 2953 seriosius
1412 2889 1879 2972 propulsastis,
1947 2888 2320 2972 exigentes,
2363 2897 2435 2951 ut
2476 2888 2621 2953 loca

272 2996 745 3076 transmarina,
794 2992 1145 3076 pratoipue
1185 2999 1405 3055 tamen
1447 3002 1662 3057 terrae
1703 3003 1974 3058 sanctae
2018 2992 2195 3077 loca,
2240 2993 2617 3078 diligentius

280 3111 346 3166 et
390 3099 759 3166 accuratius
816 3095 1296 3161 considerarem
1310 3143 1333 3181 ,
1392 3107 1460 3161 et
1519 3100 1993 3164 conscriberem
2007 3145 2028 3184 ,
2093 3098 2176 3161 ad
2227 3118 2516 3185 vosque,
2558 3101 2618 3164 si

204 3274 219 3281 ,
277 3207 462 3273 Deus
498 3224 608 3270 me
649 3192 1020 3286 reduceret,
1062 3200 1342 3265 fideliter
1381 3203 1706 3266 referrem.

447 3313 523 3375 In
565 3309 1082 3394 peregrinatione
1124 3324 1281 3390 ergo
1325 3307 1613 3370 existens
1656 3309 1916 3392 singula
1957 3308 2136 3393 loca,
2180 3308 2262 3373 ad
2304 3327 2472 3392 quae
2513 3327 2619 3370 me

281 3416 554 3499 contigit
598 3413 940 3496 divertere,
982 3411 1232 3474 intente
1272 3413 1596 3496 perspexi,
1640 3414 1968 3497 situmque
2009 3433 2090 3478 ac
2133 3413 2619 3497 dispositionem

280 3521 527 3603 scripto
565 3517 906 3600 mandavi,
950 3525 1082 3579 tam
1100 3524 1338 3601 terrae
1376 3526 1680 3601 sanctae,
1737 3538 1930 3603 quam
1971 3520 2240 3583 aliarum
2286 3526 2615 3615 terrarum

280 3626 588 3708 marium,
631 3608 997 3705 fluminum,
1062 3631 1127 3683 et
1168 3621 1453 3684 locorum
1517 3621 1787 3706 Syriae,
1825 3622 2273 3707 Palaestinae,
2335 3577 2616 3716 Deserti:

279 3728 604 3810 Arabiae,
645 3727 952 3810 Madian,
994 3726 1193 3788 maris
1241 3726 1493 3809 mortui,
1536 3727 1734 3790 maris
1776 3729 2014 3812 magni,
2062 3729 2258 3792 maris
2300 3728 2494 3810 rubri,
2539 3744 2620 3789 ac

281 3833 647 3897 Insularum
691 3833 855 3916 ejus,
900 3840 967 3895 et
1009 3840 1324 3893 terrarum
1370 3829 1976 3913 circumjacentium'
2001 3831 2342 3916 Graeciae,
2384 3833 2618 3895 Mace-

286 3937 557 4019 doniae,
598 3936 880 4022 Atticae,
923 3934 1239 4018 Achajae‚
1282 3934 1624 4018 Albaniae,
1668 3934 1875 3998 Asiae
1913 3937 2180 4002 minoris
2220 3948 2285 4003 et
2328 3937 2615 4023 majoris,

284 4043 594 4127 Turciae,
655 4042 933 4127 Illyrici,
992 4041 1392 4125 Dalmatiae,
1450 4040 1825 4105 Pannoniae
1883 4051 1953 4104 et
2005 4042 2331 4126 Histriae,
2390 4042 2620 4106 Italiae

288 4149 489 4211 etiam
541 4156 608 4210 et
644 4147 791 4210 loca
830 4143 1223 4211 Germaniae
1263 4147 1410 4209 siva
1451 4146 1882 4230 Tbeutoniae,
1936 4156 2005 4210 et
2044 4148 2361 4230 breviter,
2407 4148 2620 4211 omnia

292 4271 464 4335 quae
499 4253 570 4317 in
606 4252 812 4316 tribus
855 4250 1316 4337 principalibus
1371 4251 1668 4335 partibus
1707 4252 1930 4316 mundi
1989 4252 2159 4337 vidi,
2228 4253 2296 4314 iu
2338 4252 2618 4335 Europa,

290 4356 361 4419 in
411 4357 615 4444 Asia,
672 4366 740 4421 et
778 4358 847 4422 in
912 4357 1173 4441 Africa,
1236 4358 1460 4422 notavi
1518 4366 1585 4421 et
1635 4359 2022 4443 conscripsi.
2107 4352 2444 4437 Siquidem
2499 4357 2620 4419 bas

2171 4455 2198 4510 1
