3242 5259
1679 336 1804 404 152

578 518 1177 618 Quomodoautem
1216 517 1290 587 S.
1313 516 1613 581 Eufemia
1656 517 1740 581 de
1786 516 2228 582 chalcedonia
2279 516 2371 581 sit
2409 516 2537 584 huc
2578 515 2912 600 translata,

577 634 645 689 et
686 624 899 708 quafls
929 623 1026 686 ‘sit
1071 622 1185 686 illa
1239 623 1474 688 ὠνίου
1522 622 1819 705 Rubina,
1883 632 1947 685 et
1991 622 2075 686 de
2115 630 2305 706 portu
2360 620 2539 705 ejus,
2600 620 2809 685 dicam
2844 624 2912 685 in

579 732 970 795 reversione.
1056 727 1423 790 Mansimus
1482 744 1641 809 ergo
1703 728 1771 790 in
1814 726 2050 812 oppido
2106 745 2312 811 usque
2364 724 2446 788 ad
2504 741 2808 808 coenam,
2850 734 2918 788 et

577 836 857 919 hospitio
897 831 1215 898 conducto
1251 830 1675 896 coenavimus
1713 833 1779 896 in
1822 851 1939 917 eo,
1976 840 2044 895 et
2085 833 2256 895 bene
2298 832 2618 912 viximus,
2661 837 2728 893 et
2768 838 2917 913 post

576 956 847 1006 coenam
889 939 1320 1002 remeavimus
1351 938 1418 999 in
1459 936 1749 1021 galeam,
1793 945 2133 1020 sperantes
2170 954 2293 1000 nos
2335 937 2403 998 in
2446 943 2639 998 nocte
2690 950 2917 998 reces-

577 1062 787 1110 suros.
869 1041 1003 1106 Sed
1072 1049 1311 1105 ventus
1388 1041 1499 1104 ille
1562 1040 1843 1124 inutilis,
1922 1061 2053 1106 non
2117 1040 2328 1105 audeo
2391 1039 2610 1103 dicere
2682 1038 2914 1119 maius,

577 1150 815 1214 mansit
857 1166 976 1235 per
1017 1153 1216 1211 totam
1260 1157 1514 1210 noctem
1528 1190 1550 1229 ,
1615 1155 1680 1208 et
1725 1147 1912 1210 nobis
1972 1164 2116 1211 eam
2158 1145 2695 1228 inquietissimam
2739 1143 2915 1222 fecit,

578 1264 645 1320 et
686 1271 922 1317 navem
958 1250 1233 1316 tonsillis
1277 1259 1345 1313 et
1385 1250 1687 1314 anchoris
1732 1250 2060 1335 alligatam
2123 1251 2486 1334 importune
2531 1248 2807 1331 agitavit
2850 1253 2919 1308 et

579 1377 702 1425 nos
742 1356 1011 1423 multum
1053 1354 1472 1438 indispositos
1515 1354 1812 1425 reddidit.
1848 1389 1859 1398 ·

747 1461 994 1541 Quarta
1033 1459 1141 1524 die
1194 1478 1383 1528 mane
1420 1472 1548 1523 non
1591 1468 1777 1522 erant
1837 1460 2017 1524 venti
2069 1459 2398 1543 prosperi,
2439 1458 2682 1523 idcirco
2726 1465 2914 1520 extra

575 1567 833 1654 galeam
877 1566 1332 1649 navigavimus
1381 1573 1446 1627 et
1493 1562 1580 1650 ad
1618 1564 1966 1627 ecclesiam
2006 1563 2076 1627 S.
2122 1565 2462 1632 Eufemiae
2499 1569 2913 1626 transeuntes

578 1676 670 1739 ibi
709 1674 959 1740 Missas
1002 1670 1279 1753 legimus
1335 1678 1400 1733 et
1442 1668 1842 1752 audivimus,
1901 1678 1965 1733 et
2007 1680 2155 1753 post
2218 1670 2442 1734 divina
2491 1686 2638 1733 cum
2694 1674 2918 1732 nostro
3024 1745 3041 1764 ,

579 1779 839 1861 hospite
882 1774 1433 1840 manducavimus.
1517 1774 1681 1837 Erat
1731 1782 1945 1837 autem
1989 1776 2337 1858 hospitium
2379 1784 2667 1840 nostrum
2709 1789 2918 1856 quae-

584 1881 733 1945 dam
775 1880 965 1944 exilis
1008 1876 1427 1961 domuncula,
1497 1895 1691 1962 quam
1733 1878 2159 1943 conduximus
2200 1898 2242 1943 a
2282 1898 2566 1965 paupere
2620 1876 2917 1964 quodam,

578 1990 647 2053 in
693 2001 821 2071 qua
878 2000 1078 2052 cocus
1119 1980 1535 2043 Dominorum
1577 2000 1864 2046 meorum
1905 1986 2156 2066 paravit
2197 2006 2313 2069 pro
2351 1985 2540 2050 nobis
2581 2002 2695 2067 ea,
2743 2000 2916 2067 quae

583 2094 856 2158 emimus
894 2090 1020 2152 sibi
1062 2085 1143 2149 ad
1204 2103 1454 2149 manus.
1537 2083 1947 2150 Sufficientia
1986 2100 2202 2153 autem
2273 2093 2554 2154 omnium
2596 2089 2686 2152 ibi
2725 2104 2919 2170 repe-

585 2197 882 2264 riebatur.
970 2191 1106 2256 Sed
1168 2190 1454 2272 hospitia
1512 2208 1643 2254 non
1707 2189 2026 2256 habentur
2086 2196 2154 2257 in
2207 2191 2336 2259 illis
2400 2196 2692 2280 partibus
2746 2193 2922 2256 sicut

582 2301 752 2387 apud
816 2317 956 2364 nos.
1043 2296 1153 2370 ,Et
1215 2296 1274 2358 si
1337 2295 1531 2359 etiam
1590 2305 1745 2359 sunt
1807 2296 2024 2380 aliqua
2094 2299 2401 2383 hospitia,
2482 2308 2637 2364 sunt
2702 2307 2918 2362 tamen

581 2408 971 2486 miserrima,
1015 2419 1144 2466 nou
1185 2400 1502 2468 habentes
1544 2418 1670 2462 nec
1711 2399 1910 2484 ollas,
1967 2419 2091 2468 nec
2133 2406 2534 2489 sartagines,
2594 2423 2718 2468 nec
2765 2402 2914 2467 ωι-

586 2512 800 2592 daria,
863 2510 993 2572 imo
1049 2523 1180 2568 non
1240 2503 1587 2589 scutellas,
1642 2524 1766 2568 nec
1828 2507 2211 2572 cochlearia.
2316 2509 2471 2574 Ideo
2529 2511 2599 2573 in
2664 2507 2920 2591 magnis

584 2615 956 2680 civitatibus
1000 2618 1319 2695 coguntur
1373 2612 1767 2674 necessitate
1822 2610 2061 2677 domini
2122 2616 2449 2698 peregrini
2491 2616 2732 2679 intrare
2773 2612 2918 2676 loca

583 2721 842 2806 publica
917 2727 984 2781 et
1045 2715 1412 2800 lupanaria,
1487 2714 1557 2778 in
1621 2716 1856 2798 quibus
1930 2720 2334 2802 reperiuntur
2394 2720 2796 2792 necessaria,
2849 2723 2924 2779 ut.

585 2826 753 2911 dixi,
794 2833 862 2888 et
899 2821 1171 2888 habetur
1211 2820 1319 2884 fol.
1369 2819 1467 2883 15.
1514 2828 1637 2882 etc.
1722 2820 1970 2885 Multas
2012 2825 2308 2888 miserias
2349 2824 2703 2887 sustinent·
2724 2838 2922 2904 pere-

583 2931 754 3016 grini
807 2936 1069 3013 propter
1125 2924 1450 2990 defectum
1492 2925 1948 3011 hospitiorum,
2013 2931 2390 3011 praesertim
2432 2927 2561 3009 illi,
2619 2926 2729 3009 qui
2786 2942 2918 2988 non

584 3037 823 3100 habent
863 3030 1125 3115 propria
1144 3037 1537 3113 paramenta.
1579 3030 1856 3093 Peracto
1879 3033 2146 3113 prandio
2182 3032 2595 3096 ascendimus
2634 3031 2918 3111 barcam,

586 3147 654 3202 et
714 3140 783 3200 in
825 3133 1147 3219 quandam
1189 3133 1335 3216 (B)
1377 3134 1657 3198 insillam
1675 3181 1695 3219 ,
1745 3134 1812 3198 id
1856 3146 1958 3200 est
2020 3155 2288 3221 parvam
2346 3136 2660 3220 insulam,
2725 3135 2922 3197 navi-

585 3243 918 3329 gavimus,
960 3238 1045 3303 ad
1086 3238 1430 3302 eccledam
1473 3237 1544 3301 S.
1587 3239 1928 3323 Andreae,
1973 3261 2140 3325 quae
2176 3245 2245 3304 iu
2289 3260 2370 3305 ea
2410 3249 2583 3324 erat,
2639 3248 2709 3303 et.
2743 3240 2922 3302 circa

583 3346 929 3412 ecclesiam
974 3352 1078 3406 est
1130 3361 1404 3425 parvum
1458 3347 1949 3429 monasterium,
2013 3350 2080 3411 in
2130 3367 2258 3431 quo
2300 3346 2622 3430 quondam
2667 3344 2923 3408 fuerant

586 3450 883 3519 monachi
922 3447 1165 3512 ordinis
1204 3446 1275 3512 S.
1297 3447 1651 3530 Benedicti,
1686 3451 1921 3534 quibus
1962 3451 2176 3516 locum
2206 3451 2654 3518 deserentibus
2686 3449 2921 3513 fratres

588 3556 869 3624 minores
908 3556 1343 3637 intraverunt,
1396 3562 1464 3616 et
1525 3555 1989 3640 possederunt,
2044 3566 2111 3620 et
2152 3567 2540 3622 conventum
2584 3553 2920 3639 pulchrum

586 3660 1123 3738 aedificaverunt,
1166 3675 1344 3752 more
1401 3657 1646 3723 ordinis
1688 3681 1937 3727 eorum:
1984 3671 2051 3726 et
2091 3662 2301 3747 ipsam
2339 3662 2620 3727 insillam
2659 3658 2918 3744 planta-

588 3774 853 3840 verunt,
916 3772 985 3827 et
1038 3764 1226 3846 quasi
1284 3763 1655 3847 paradisum
1720 3763 2044 3836 feceruntt
2114 3768 2198 3832 de
2258 3786 2388 3851 qua
2440 3767 2621 3850 ligna
2673 3773 2741 3827 et
2794 3762 2924 3828 alia

588 3870 963 3933 necessaria
1000 3877 1276 3952 possunt
1315 3869 1556 3934 habere
1568 3915 1590 3953 ,
1656 3874 1809 3955 quia
1849 3874 2085 3937 humus
2125 3872 2384 3936 insillae
2439 3871 2670 3936 fertilis
2714 3876 2817 3931 est
2854 3873 2921 3928 et

586 3975 884 4058 pinguis,
924 3974 1092 4035 sicut
1137 3973 1417 4036 omnium
1463 3975 1602 4037 fere
1642 3976 1997 4039 insularum
2041 3986 2214 4038 terra
2255 3975 2607 4066 fructuosa:
2612 3983 2749 4040 est.
2835 3974 2921 4035 Et

587 4081 744 4161 quia
798 4076 1183 4160 saepissime
1242 4078 1309 4139 in
1363 4081 1787 4162 sequentibus
1851 4080 2090 4143 mentio
2149 4079 2220 4142 fit
2266 4078 2349 4142 de
2401 4080 2635 4146 insulis
2688 4083 2757 4145 in
2798 4081 2923 4149 hoc

587 4182 1017 4268 Evagatorio,
1060 4180 1127 4250 id
1166 4182 1341 4250 circo
1380 4184 1488 4247 hic
1532 4183 1616 4249 de
1652 4185 1738 4252 iis
1779 4185 1846 4246 in
1888 4183 2178 4266 generali
2218 4182 2464 4269 aliquid
2512 4187 2771 4255 dicams
