3242 5259
1477 349 1606 414 259

366 551 522 621 ergo
586 533 654 598 in
719 531 867 596 loco
936 529 1048 594 illo
1111 547 1195 594 ex
1251 529 1715 614 processionali
1781 529 2088 615 legenda,
2155 539 2221 595 et
2279 533 2713 620 indulgentias

361 641 733 723 accepimus
776 636 916 718 st).
995 713 1008 722 .
1137 633 1148 640 ’
2644 639 2659 650 “

529 741 783 805 Deinde
826 737 1099 805 dimisso
1142 742 1254 808 illo
1298 742 1440 807 loco
1503 742 1677 805 ultra
1724 744 2196 827 processimus,
2252 753 2321 808 et
2363 747 2429 808 in
2471 749 2583 810 via
2625 748 2710 811 ad

364 849 538 912 latus
586 847 820 910 domus
876 848 1276 912 hiartharum
1349 849 1800 928 transivimus,
1867 868 2032 932 quae
2075 858 2176 911 est
2240 852 2404 913 satis
2448 869 2706 936 magna,

365 973 452 1017 ex
493 955 785 1037 opposito
830 952 1151 1016 ecclesiae
1195 952 1398 1037 Syon.
1484 954 1559 1015 In
1603 952 1716 1014 illa
1760 950 1950 1017 domo
1993 963 2144 1017 sunt
2191 955 2507 1042 quaedam
2564 957 2709 1022 foe-

373 1061 584 1121 minae
627 1058 709 1121 de
766 1058 957 1121 Italia
1031 1058 1463 1142 christianae,
1528 1057 1610 1121 de
1656 1058 1780 1120 ritu
1849 1067 2110 1141 nostro,
2172 1079 2342 1144 quae
2411 1061 2710 1126 Marthae

367 1163 629 1227 fratrum
661 1170 1009 1244 vocantur,
1047 1165 1199 1248 quia
1220 1163 1525 1227 fratribus
1556 1164 1852 1227 serviunt
1875 1174 2134 1247 propter
2154 1165 2384 1249 Deum,
2410 1165 2712 1250 lavando,

363 1268 645 1352 suendo,
702 1267 947 1351 nendo,
992 1277 1057 1331 et
1102 1268 1442 1333 ecclesiam
1493 1269 1760 1332 fratrum
1804 1267 2236 1352 frequentant.
2324 1270 2494 1335 Sunt
2538 1274 2710 1335 enim

363 1374 643 1457 vetulae,
680 1372 877 1437 valde
917 1381 1204 1437 maturae
1247 1384 1314 1438 et
1353 1377 1690 1457 honestae,
1735 1372 2049 1457 degentes
2085 1375 2207 1436 sub
2251 1378 2445 1438 tertia
2486 1373 2713 1461 regula

363 1477 433 1542 S.
493 1477 865 1560 Francisci‚
926 1495 1074 1542 cum
1137 1480 1336 1543 multa
1398 1481 1715 1563 patientia
1759 1486 1826 1541 et
1876 1480 2284 1543 sustinentia.
2371 1481 2525 1545 Non
2588 1484 2709 1546 suit

364 1581 631 1666 elapsus
689 1601 857 1646 unus
901 1603 1144 1668 annus,
1210 1584 1469 1669 quando
1510 1585 1578 1649 in
1620 1583 1988 1647 Jerusalem
2060 1584 2184 1668 fui,
2232 1586 2402 1669 qnod
2447 1587 2710 1670 quidam

365 1685 622 1750 Arabes
688 1696 882 1751 nocte
930 1688 1199 1753 effracto
1242 1692 1409 1755 ostio
1463 1708 1611 1753 cum
1678 1689 1952 1752 tumultu
1997 1689 2246 1753 illarum
2312 1690 2708 1756 dominarum

365 1792 432 1853 in
476 1791 732 1855 domum
799 1793 1154 1879 irruerent,
1223 1804 1290 1858 et
1330 1797 1542 1860 omnia
1600 1802 1856 1877 reperta
1909 1795 2236 1877 rapientes
2301 1796 2708 1880 aufugerunt,

366 1896 556 1960 domo
612 1897 905 1980 spoliata.
1011 1896 1174 1963 Cum
1245 1917 1421 1962 eram
1487 1901 1575 1962 ibi
1651 1898 1900 1981 degens
1944 1897 2112 1981 (B),
2175 1898 2484 1964 lavabant
2552 1902 2707 1964 mihi

363 2001 644 2064 tunicam
688 2020 932 2085 meam,
977 2011 1042 2065 et
1082 2003 1453 2089 scapulare,
1500 2012 1568 2067 et
1611 2003 1739 2066 alia
1781 2005 2113 2069 charitatis
2155 2023 2354 2088 opera
2395 2006 2708 2070 ostende-

363 2105 524 2168 bant
578 2106 753 2169 mihi.
864 2106 1029 2171 Cum
1099 2108 1231 2172 illis
1302 2112 1537 2172 mansit
1605 2111 1797 2173 etiam
1860 2110 1972 2172 illa
2036 2109 2317 2173 foemina
2381 2110 2463 2174 de
2528 2113 2710 2174 curia

364 2210 631 2292 reginae
700 2208 942 2296 Cypri,
1005 2210 1087 2275 de
1146 2232 1276 2297 qua
1318 2211 1451 2276 dixi
1507 2213 1614 2276 iol.
1661 2213 1766 2276 69.
1808 2212 1897 2281 A.
1954 2213 2188 2298 ,Juxta
2236 2216 2405 2278 hanc
2447 2214 2705 2278 domum

365 2322 593 2378 contra
633 2317 944 2380 orientem
985 2319 1458 2401 processimus,
1519 2327 1581 2381 et
1621 2336 1663 2379 a
1716 2319 1857 2400 via,
1903 2337 2069 2402 quae
2126 2318 2304 2383 ducit
2348 2322 2426 2381 ‘iu
2471 2319 2709 2382 vallem

365 2419 686 2503 Josaphat
733 2422 815 2486 ad
872 2421 1164 2485 dextram
1207 2422 1674 2486 declinavimus
1733 2422 1816 2486 ad
1862 2421 2117 2489 domum
2162 2423 2484 2506 quandam
2544 2425 2711 2487 bene

369 2527 677 2588 munitam
722 2535 790 2589 et
835 2528 1157 2611 clausam,
1218 2529 1391 2591 sicut
1429 2527 1659 2590 domus
1714 2526 2233 2592 Christianorum
2289 2538 2459 2592 sunt.
2545 2529 2710 2592 Pul-

363 2630 666 2693 santibus
709 2639 920 2693 autem
972 2633 1161 2695 nobis
1203 2642 1523 2696 venerunt
1564 2634 1859 2697 homines
1902 2635 2106 2717 nigri,
2149 2633 2310 2697 solis
2373 2634 2709 2697 ardoribus

365 2734 621 2817 adusti,
686 2734 923 2818 longae
964 2743 1293 2817 staturae,
1341 2747 1406 2801 et
1469 2740 1536 2800 in
1580 2737 1872 2801 vultibus
1929 2738 2345 2820 cauterizati,
2410 2747 2476 2828 et
2518 2748 2743 2830 pate—q

367 2838 661 2903 iecerunt
712 2841 901 2903 nobis
964 2843 1216 2905 ostium.
1299 2841 1459 2906 Erat
1515 2843 1685 2906 enim
1747 2844 2204 2906 monasterium
2275 2841 2708 2925 Indianorum,

365 2947 434 3006 in
479 2962 609 3029 quo
651 2946 1066 3010 morabantur
1108 2947 1408 3011 monachi
1451 2961 1596 3010 cum
1642 2946 1972 3030 foeminis,
2031 2955 2099 3010 et
2133 2955 2283 3010 sunt
2325 2946 2409 3010 de
2452 2949 2705 3030 rigoro-

361 3050 625 3113 sissima
667 3051 838 3133 vita,
881 3060 946 3114 et
989 3054 1219 3115 mirum
1263 3060 1386 3135 est,
1443 3051 1671 3116 videre
1712 3071 1929 3116 eorum
1975 3051 2349 3136 despectum
2396 3053 2703 3118 habitum.

366 3156 533 3221 Cum
575 3165 790 3221 autem
849 3158 1136 3240 ingressi
1192 3157 1572 3241 fuissemus,
1648 3157 1970 3222 duxerunt
2026 3176 2148 3220 nos
2208 3177 2325 3241 per
2388 3157 2707 3242 quoddam

365 3266 606 3327 ostium
648 3265 713 3326 in
757 3263 1201 3328 habitaculum
1246 3265 1629 3345 obscurum,
1680 3263 1748 3325 in
1803 3281 1930 3346 quo
1975 3272 2075 3326 est
2118 3261 2478 3327 descensus
2523 3273 2711 3327 tene—

364 3369 597 3432 brosus
642 3387 760 3453 per
799 3367 1077 3432 medium
1120 3369 1300 3451 rupis
1345 3376 1763 3451 praeruptae,
1826 3377 1891 3431 et
1934 3388 2053 3452 per
2096 3368 2274 3432 illum
2319 3368 2721 3462 descensum·

366 3492 512 3537 cum
558 3474 904 3537 luminibus
946 3475 1245 3544 venimus
1305 3474 1368 3536 in
1412 3492 1683 3558 specum
1741 3473 2137 3558 squalidum,
2196 3475 2709 3557 subterraneum,

366 3586 554 3663 petra
597 3577 880 3661 desuper
922 3577 1279 3662 pendente,
1333 3583 1460 3642 imo
1505 3582 1647 3662 ipse
1695 3597 1934 3662 specus
1977 3597 2261 3642 caverna
2302 3589 2526 3663 petrae
2584 3588 2709 3662 est,

367 3693 433 3748 et
487 3683 578 3748 ibi
634 3682 845 3747 locum
911 3685 1220 3747 orationis
1289 3684 1679 3747 invenimus»
1780 3684 1901 3746 Est
1955 3685 2126 3748 enim
2179 3685 2307 3767 ibi,
2366 3691 2442 3745 ut
2509 3683 2709 3747 halret

365 3790 818 3873 antiquissima
853 3788 1146 3874 traditio,
1207 3788 1391 3852 locus
1432 3787 1580 3870 ille,
1640 3789 1707 3864 i,n
1751 3805 1877 3870 quo
1919 3786 2135 3851 David
2178 3788 2312 3871 egit
2364 3789 2712 3871 poeniten-

367 3896 522 3959 tiam
567 3912 766 3979 super
806 3904 1076 3979 peccato
1119 3894 1463 3959 occisionis
1501 3891 1720 3976 Uriae,
1763 3890 1845 3976 de
1887 3912 2014 3978 quo
2054 3894 2329 3957 babetur
2352 3894 2411 3956 ⁴2
2450 3893 2707 3977 Regum

370 4001 496 4084 122,
539 4000 650 4064 ubi
715 3999 797 4064 de
838 3998 1059 4063 David
1114 3998 1378 4063 dicitur:
1435 3997 1773 4083 ingressus
1816 4005 1922 4062 est
1979 4015 2305 4081 seorsum,
2368 3997 2711 4082 jejunavit,

367 4105 608 4190 oravit,
653 4105 868 4190 flevit,
911 4104 1159 4188 cilicio,
1202 4104 1560 4187 disciplinis
1636 4103 2048 4187 flagellisque
2109 4122 2187 4166 se
2228 4106 2598 4188 castigans,
2644 4112 2713 4165 et

363 4209 518 4278 vn.
553 4210 843 4293 psalmos
885 4209 1373 4294 poenitentiales
1415 4210 1502 4272 ibi
1551 4209 1740 4289 fecit,
1811 4217 1876 4270 et
1920 4209 2208 4270 crebrius
2252 4227 2367 4271 eos
2410 4209 2603 4292 legit,
2649 4215 2715 4268 et

367 4314 624 4398 lugubri
676 4315 1134 4380 lamentatione
1184 4331 1298 4377 eos
1341 4313 1715 4397 depromsit.
1803 4312 1952 4377 Nec
1992 4303 2153 4406 erat·
2171 4323 2457 4398 tempore
2497 4305 2736 4378 David·

370 4419 685 4503 spelunca
724 4421 890 4486 haec
927 4430 1114 4484 extra
1159 4421 1400 4483 curiam
1442 4418 1640 4501 regis,
1681 4417 1800 4481 sed
1842 4419 2034 4500 intra,
2069 4420 2223 4503 quia
2260 4419 2440 4480 curia
2479 4431 2714 4498 magna

2164 4518 2231 4574 1¹1
2255 4517 2303 4554 '⁸'·
