3242 5259
1580 326 1708 399 10

467 518 666 601 su'per
703 511 1034 596 margines
1070 508 1267 574 novis
1303 518 1530 595 posset
1610 506 1716 574 fn·
1759 524 2014 596 proram
2069 506 2449 594 accedero,
2491 504 2562 574 οἱ
2601 528 2680 573 se
2737 511 2820 575 de

470 620 627 685 fune
666 619 751 687 ad
791 619 1012 682 funem
1054 614 1329 700 trahem
1350 617 1525 700 quod
1563 635 1688 699 ego
1733 632 1935 698 saepe
1971 614 2123 697 feci,
2149 614 2451 698 quamvis
2491 616 2820 680 incautum

468 727 559 790 sit
598 728 663 789 et
704 721 1140 811 periculosum
1160 740 1181 803 3
1198 720 1313 785 vel
1349 730 1578 804 posset
1619 730 1809 786 extra
1843 720 2235 784 columbaria
2260 734 2576 781 remorum
2620 734 2822 800 supra

472 846 685 895 remos
725 824 1013 892 sedendo
1058 843 1138 888 se
1176 825 1505 911 expedire,
1548 826 1722 912 quod
1790 828 1985 891 etiam
2046 823 2289 890 timidis
2343 839 2473 885 non
2537 821 2820 906 expedit,

469 937 641 1020 quia„
663 935 877 998 sessio
918 930 1035 993 illa
1077 938 1182 994 est
1223 933 1419 996 etiam
1455 932 1822 1016 periculosa
1873 942 1942 995 et
1992 931 2159 1015 ipsis
2225 924 2504 1012 galeotis
2540 927 2818 1010 ingrata·

469 1042 757 1127 Maxim
798 1055 961 1101 vero
1006 1034 1357 1100 difficultas
1399 1038 1468 1100 in
1510 1037 2026 1121 tempestatibus,
2072 1033 2330 1120 quando
2377 1032 2522 1096 loca
2561 1026 2818 1096 secreta

468 1148 773 1210 continue
808 1148 962 1206 sunt
1003 1140 1305 1204 fluctibus
1347 1150 1575 1225 operta
1615 1152 1684 1206 et
1725 1144 1883 1208 remi
1926 1139 2187 1206 retracti
2248 1155 2449 1221 super
2510 1145 2807 1200 transtra.

468 1248 588 1315 Ille
630 1268 825 1333 ergo,
869 1248 979 1330 qui
1036 1262 1115 1308 se
1172 1246 1240 1309 in
1312 1254 1700 1330 tempestate
1755 1248 1898 1313 vult
1939 1263 2254 1331 purgare,
2313 1250 2563 1325 oportet
2612 1251 2687 1305 ut
2743 1258 2821 1304 se

468 1363 749 1439 exponat
790 1351 974 1418 totali
1016 1350 1475 1416 madefactioni
1502 1397 1525 1435 ,
1583 1361 1980 1438 quapropter
2057 1350 2240 1415 multi
2279 1341 2464 1411 'nudi
2526 1346 2821 1411 omnibus

468 1455 861 1521 indumentis
904 1456 1254 1539 despositis
1296 1455 1639 1524 accedunt.
1738 1457 2157 1522 Verecundia
2198 1457 2267 1517 in
2306 1453 2434 1517 hoc
2496 1459 2647 1514 actu
2719 1460 2824 1516 est

471 1559 739 1625 multum
782 1560 1042 1644 nociva,
1086 1560 1165 1625 et·
1198 1559 1355 1626 facit
1398 1579 1596 1645 agere
1639 1564 1850 1645 magis
1890 1559 2282 1626 verecunda.
2333 1556 2559 1642 Aliqui
2592 1558 2820 1621 nolunt

471 1665 701 1748 notari,
740 1673 806 1728 et
844 1665 1273 1747 procumbunt
1315 1665 1402 1729 ad
1443 1666 1571 1731 alia
1620 1668 1766 1731 loca
1784 1713 1805 1752 ,
1864 1686 2035 1753 quae
2091 1665 2474 1747 deturpant,
2532 1672 2599 1727 et
2656 1663 2817 1727 liunt

470 1770 607 1833 irae
644 1777 729 1832 et·
751 1768 932 1832 rixae
972 1778 1040 1832 et
1100 1769 1552 1834 dehonestatio
1608 1771 1920 1837 bonorum
1984 1771 2330 1836 hominnm.
2375 1766 2599 1850 Aliqui
2633 1768 2823 1851 Juxta

473 1874 744 1938 cumbas
783 1889 945 1936 suas
984 1873 1151 1937 ollas
1192 1873 1463 1959 replent,
1512 1876 1687 1959 quod
1731 1887 1834 1941 est
1895 1876 2373 1961 turpissimum,
2435 1881 2503 1937 et
2557 1873 2823 1937 multum

470 1984 765 2073 μω·
800 1976 1246 2062 collaterales3
1289 1979 1418 2042 nisi
1451 1981 1598 2063 quis
1642 1991 1819 2046 esset
1859 1983 2182 2065 infirmus,
2225 1997 2374 2044 cum
2418 1996 2546 2061 quo
2589 1979 2818 2042 merito

474 2084 786 2167 patientia
826 2090 931 2146 est
972 2081 1287 2147 habenda.
1371 2083 1525 2149 Non
1567 2104 1831 2170 possem
1893 2088 2078 2153 brevi
2120 2100 2423 2150 sermone
2475 2082 2824 2169 explicare,

476 2196 788 2272 quantum
828 2189 1108 2252 sustinui
1150 2206 1299 2252 cum
1321 2189 1605 2272 quodam
1633 2191 1988 2256 collaterali
2025 2192 2296 2256 infirmo.
2337 2188 2584 2272 Hagno
2605 2188 2823 2253 studio

477 2301 711 2356 caveat
731 2293 1134 2377 peregrinus,
1157 2312 1244 2357 ne
1266 2293 1516 2358 velitris
1539 2291 1797 2356 alveum
1820 2294 2132 2376 obstruat,
2176 2290 2411 2356 ductus
2432 2292 2826 2359 verecundia

476 2397 708 2480 puerili
747 2405 817 2460 et
857 2399 1206 2465 nenimium
1249 2399 1438 2464 laxus
1480 2396 1615 2482 flat,
1658 2399 1814 2483 quia
1854 2407 2200 2482 utrumque
2242 2397 2676 2480 perniciosum
2719 2408 2826 2462 est

479 2501 834 2586 naviganti.
918 2503 1024 2567 De
1065 2504 1243 2569 facili
1284 2504 1698 2587 constipatur
1733 2503 1925 2567 homo
1965 2504 2036 2567 in
2073 2504 2259 2567 mari.
2360 2504 2446 2566 Et
2487 2503 2826 2569 consilium

479 2606 718 2675 bonum
757 2617 859 2673 est
900 2618 969 2673 et.
1009 2608 1293 2693 salubre,
1334 2618 1408 2674 ut
1442 2610 1830 2694 peregrinus
1863 2608 2038 2673 omni
2069 2606 2178 2671 die
2219 2614 2318 2670 ter
2337 2615 2584 2691 quater,
2626 2609 2822 2674 etiam

480 2712 730 2799 absque
768 2722 1039 2780 naturae
1077 2713 1510 2799 postulatione
1528 2760 1551 2798 ‚
1595 2714 1678 2778 ad
1720 2714 1933 2779 locum
1995 2731 2073 2776 se
2129 2719 2330 2795 ponat
2348 2754 2371 2794 ‚
2415 2719 2482 2775 et
2543 2711 2824 2776 discreto

480 2827 718 2883 conatu
751 2824 1005 2885 ventris
1051 2822 1449 2903 apertionem
1488 2827 1887 2904 promoveat,
1928 2835 2053 2881 nec
2095 2816 2432 2901 desperet,
2491 2816 2550 2879 si
2589 2826 2825 2881 venter

479 2940 606 2987 nec
639 2925 826 2988 tertia
865 2943 991 2989 nec
1033 2934 1267 3010 quarta
1307 2927 1457 2989 vice
1496 2926 1842 3008 aperiatur.
1925 2922 2219 2986 Accedat
2261 2921 2569 3004 crebrius,
2605 2920 2824 2985 solvat

481 3028 811 3111 cingulum
862 3039 928 3093 et
967 3029 1500 3094 vestimentorum
1544 3030 1828 3092 omnium
1870 3025 2320 3111 colligationes
2361 3044 2560 3110 supra
2593 3033 2821 3110 pectus

481 3139 553 3194 et
590 3131 962 3195 umbilicum
1002 3132 1286 3215 aperiat,
1329 3142 1399 3195 et.
1459 3131 1725 3194 habebit
1763 3132 2017 3194 ventris
2067 3130 2450 3195 beneficium
2516 3133 2708 3196 etiam
2764 3133 2826 3199 si

480 3233 733 3318 lapides
776 3244 1001 3299 essent
1038 3237 1105 3298 in
1148 3254 1248 3300 eo.
1300 3236 1450 3300 Hoc
1489 3234 1828 3301 consilium
1872 3234 2050 3298 dedit
2090 3235 2244 3299 mihi
2286 3236 2548 3319 quidam
2583 3254 2824 3322 exper-

478 3349 590 3403 tus
631 3339 1050 3422 mulnarius,
1105 3356 1254 3403 cum
1316 3338 1538 3403 multis
1580 3340 1812 3405 dieBus
1867 3340 2140 3403 fuissem
2180 3339 2530 3405 ‹lurism'mo
2568 3340 2822 3407 consti-

479 3453 710 3528 patus,
763 3462 890 3509 nec
946 3451 1053 3507 est
1091 3460 1414 3526 securum,
1461 3445 1700 3528 pilulas
1743 3455 1854 3510 aut
1901 3445 2340 3529 suppositoria
2395 3447 2696 3530 accipere
2752 3446 2821 3511 in

481 3550 664 3632 mari,
704 3551 858 3634 quia
896 3566 1015 3634 per
1054 3547 1423 3632 hujusmodi
1463 3549 1789 3616 inducitur
1819 3551 2017 3615 nimia
2053 3549 2316 3634 laxatio,
2346 3569 2517 3635 quae
2558 3553 2824 3637 perieu-

481 3654 682 3718 losior
723 3663 826 3719 est
867 3671 1060 3740 quam
1103 3650 1509 3738 constipatio.
1595 3655 1790 3720 Aliae
1825 3657 2022 3721 etiam
2062 3652 2317 3740 praeter
2357 3656 2528 3721 hano
2579 3674 2825 3741 purga-

481 3760 722 3823 tionem
762 3768 916 3823 sunt
954 3759 1305 3842 peregrino
1346 3744 1779 3828 necessariae.
1862 3761 2034 3827 Sunt
2074 3763 2246 3825 enim
2288 3759 2508 3843 plures
2548 3761 2616 3824 in
2647 3761 2823 3843 navi,

480 3862 595 3945 qui
632 3881 763 3927 noe
805 3871 963 3929 sunt
1002 3863 1252 3945 provisi
1291 3864 1361 3928 in
1381 3869 1762 3947 mutatoriis,
1806 3876 1874 3932 et
1891 3876 2047 3931 sunt
2086 3882 2348 3949 semper
2384 3866 2456 3928 in
2479 3862 2822 3928 sudoribus

482 3974 551 4029 et
592 3962 967 4050 foetoribus,
1009 3985 1096 4032 ex
1133 3968 1373 4052 quibus
1411 3981 1714 4036 creseunt
1754 3988 2017 4037 vermes
2037 3979 2169 4034 tam
2208 3972 2279 4032 in
2299 3968 2596 4032 vestibus
2627 3984 2822 4052 quam

479 4072 550 4135 in
588 4070 741 4154 pilis
775 4070 1015 4135 barbae
1056 4080 1125 4137 et
1164 4073 1419 4156 capitis.
1503 4075 1756 4140 Idcirco
1796 4075 2178 4159 peregrinus
2220 4092 2349 4137 non
2392 4071 2682 4156 negligat
2721 4087 2821 4156 se,

481 4175 637 4259 quin
678 4176 851 4240 omni
893 4174 1001 4239 dio
1041 4192 1119 4238 se
1181 4174 1428 4240 lustret.
1526 4176 1866 4262 Contingit
1923 4178 2116 4261 enim,
2156 4175 2333 4261 quod
2386 4175 2530 4258 ille,
2583 4177 2695 4259 qui
2752 4174 2822 4239 in

483 4281 608 4349 b&
646 4280 804 4347 hora
846 4296 977 4345 neu
1016 4278 1211 4342 habet
1252 4294 1448 4345 unum
1489 4281 1880 4365 pedianum,
1919 4283 1991 4345 in
2052 4278 2184 4345 alia
2233 4280 2454 4344 statim
2521 4283 2822 4365 sequenti

483 4386 720 4451 habeat
752 4384 952 4468 mille,
995 4384 1106 4469 qui
1149 4383 1211 4447 ei
1252 4382 1716 4471 adhaeserunt,
1746 4389 1817 4450 in
1859 4385 2080 4471 aliquo
2115 4385 2260 4451 loco
2313 4384 2591 4471 alicujus
2630 4385 2822 4473 pedi·-
