3242 5259
1766 371 1897 435 294

668 563 1170 643 consequenter,
1214 553 1386 639 quod
1429 554 1766 618 columnae
1821 554 1972 617 illae
1999 552 2163 616 -ideo
2206 554 2351 615 sine
2396 553 2767 617 cessatione
2821 552 3004 636 flent,

669 667 824 749 qnia
864 664 1180 743 homineS,
1212 660 1323 744 qni
1365 678 1623 742 semper
1667 660 1821 722 flere
1878 658 2188 722 deberent
2233 667 2295 720 et
2343 653 2593 720 Christi
2635 659 3011 739 passionem

669 783 729 831 ct
777 787 897 831 suu
945 771 1198 851 prcpric
1242 773 1627 847 pcccutaet
1672 763 2101 830 calamitatem
2145 763 2338 847 hujus
2373 763 2692 847 miseriae,
2717 762 3010 847 gaudent

669 883 737 935 ct
781 871 1009 935 riticut*
1097 871 1174 935 Et
1222 875 1278 931 si
1322 872 1616 934 humines
1663 888 1704 931 a
1749 870 1881 931 risu
1926 869 2349 953 intemperato
2393 869 2795 931 abstinerent
2838 867 3013 950 lapi-

669 979 785 1039 dcs
833 979 1154 1059 incr-ymas
1205 999 1326 1039 nun
1398 973 1767 1044 funderent.
1847 974 1981 1038 Alii
2039 975 2370 1058 simplices
2431 977 2497 1037 in
2539 974 2711 1036 bona
2752 972 2882 1035 fide
2927 971 3013 1038 de

669 1085 769 1145 his
813 1083 1130 1143 ccluruuic
1178 1083 1418 1159 dicunt,
1462 1080 1636 1164 quod
1679 1080 1940 1144 Christo
1984 1083 2273 1163 patiente
2295 1080 2509 1142 Maria
2553 1080 2743 1161 virgo
2787 1078 3011 1141 dolore

673 1187 953 1271 rcplctc‚
1017 1187 1158 1247 cclc
1222 1187 1412 1263 ncnc„
1480 1188 1581 1248 sic
1642 1185 1763 1248 has
1818 1184 2151 1248 columnas
2227 1194 2328 1247 est
2392 1182 2625 1247 affata:
2698 1202 2826 1246 non
2880 1193 3009 1266 est,

673 1299 909 1375 inqiut,
973 1291 1142 1375 quud
1214 1291 1426 1351 tlclcct
1490 1308 1776 1371 mecum,
1841 1298 1906 1352 et
1951 1297 2201 1353 tantum
2260 1290 2514 1373 pondus
2558 1288 3010 1352 amaritudinis

673 1399 809 1459 Sola
873 1395 1142 1455 suffcrrc
1222 1394 1539 1479 quamodo
1600 1392 1911 1479 possum?
1999 1394 2144 1459 Vos
2212 1413 2368 1477 orgo
2434 1393 2687 1478 lapides
2753 1412 3008 1457 mecum

670 1503 844 1570 flete.
941 1502 1067 1563 His
1132 1498 1324 1562 dictis
1386 1499 1575 1584 aquis
1649 1500 1899 1563 stillare
1955 1509 2323 1582 coeperunt.
2423 1499 2526 1561 De
2580 1499 2685 1561 his
2755 1498 3012 1563 colum-

669 1607 773 1669 nis
817 1606 985 1672 forte
1027 1605 1261 1667 dicitur
1320 1602 1477 1689 Sap.
1525 1605 1639 1668 11.=
1685 1605 1836 1668 data
1877 1613 1982 1668 est
2045 1606 2176 1668 illis
2229 1621 2399 1688 aqua
2452 1604 2534 1666 de
2575 1611 2763 1684 petra
2818 1601 3012 1664 altis-

669 1711 874 1790 sima,
949 1718 1015 1771 et
1092 1711 1349 1793 requies
1424 1711 1573 1772 sitis
1663 1709 1745 1773 de
1822 1710 2037 1793 lapide
2115 1708 2296 1779 duro.
2413 1709 2497 1771 Et
2573 1708 2820 1769 Habac.
2887 1707 3006 1767 11.:

669 1813 920 1896 lapides
994 1813 1076 1876 de
1136 1815 1384 1895 pariete
1448 1814 1832 1879 clamabunt.
1923 1816 2008 1877 Et
2068 1814 2216 1877 Job.
2275 1813 2374 1876 9.:
2460 1815 2572 1894 qui
2628 1818 3002 1874 commovet

673 1927 938 1995 terrum,
1006 1919 1330 1981 concutiet
1396 1919 1730 1982 columnas
1805 1920 1967 2003 ejus.
2073 1919 2205 2001 Ea,
2264 1935 2432 2000 quae
2483 1935 2677 2000 supra
2721 1916 2855 1980 dixi
2927 1916 3010 1978 de

673 2023 1022 2103 cclumuic,
1094 2023 1310 2085 audivi
1368 2040 1409 2085 a
1478 2022 1733 2086 devotis
1800 2031 1868 2085 et
1937 2022 2340 2105 simplicibus
2403 2022 2777 2105 catholicis,
2842 2030 2910 2083 et
2967 2040 3009 2084 a

669 2127 1065 2191 mulicrculic
1110 2128 1401 2210 zlcvotis,
1438 2145 1705 2211 quarum
1752 2128 1899 2192 nolo
1943 2146 2252 2210 spernere
2295 2130 2626 2210 pietatem,
2669 2145 2794 2189 uec
2838 2126 3006 2210 abji-
3057 2199 3081 2211 ἢ

669 2255 819 2299 cci-c
865 2235 1290 2295 dcvcticucm.
1376 2232 1531 2296 Scio
1569 2243 1783 2296 autem
1825 2234 2023 2316 bene,
2066 2232 2238 2317 qnod
2281 2251 2382 2315 ea,
2421 2250 2592 2315 quae
2634 2233 3004 2315 operatione

669 2347 942 2403 uuturuc
990 2339 1122 2399 ficri
1174 2346 1466 2420 possunt,
1494 2358 1621 2401 non
1667 2347 1821 2401 sunt
1864 2338 2246 2403 ascribenda
2288 2338 2648 2422 miraculis3
2694 2346 2796 2400 est
2831 2337 3002 2399 enim

669 2455 845 2507 cci-tu
889 2447 1142 2523 cpccicc
1186 2434 1434 2525 lapidis,
1482 2443 1547 2505 in
1589 2461 1835 2525 genere
1876 2462 2282 2526 marmorum,
2318 2442 2575 2506 emdros
2618 2442 3002 2524 appellatur,

669 2551 753 2611 dc
797 2567 922 2631 quc
966 2567 1225 2627 scrupcr
1266 2566 1438 2629 aqna
1476 2547 1697 2630 stillat,
1739 2550 2107 2632 ubicunque
2146 2550 2212 2613 in
2256 2547 2547 2611 aedificio
2591 2548 2780 2611 fuerit
2820 2547 3004 2610 loca-

673 2667 808 2735 tus,
853 2655 1002 2739 quia
1050 2675 1130 2715 cx
1178 2652 1597 2734 frigidissima
1640 2652 1782 2735 ejus
1833 2653 2275 2735 complexione
2316 2657 2530 2715 aerem
2573 2654 3004 2716 circumstan-

673 2771 797 2823 *cru
861 2757 1283 2823 incr-ccccmo
1360 2765 1744 2821 transmutat
1787 2762 1854 2820 in
1915 2776 2182 2842 aquam,
2242 2760 2429 2845 quasi
2491 2759 2559 2822 in
2613 2758 3002 2821 habentibus

673 2863 1090 2947 aptitudinem
1164 2862 1388 2933 Faciles
1449 2865 1763 2928 transitus
1822 2881 2032 2945 aquae
2073 2865 2140 2928 in
2183 2882 2397 2927 aerem
2463 2861 2884 2944 subtiliaudo,
2932 2869 3003 2924 et

673 2971 841 3031 aiil-is
885 2971 950 3031 in
1006 2987 1230 3047 uquam
1279 2969 1730 3051 inspissando,
1774 2988 1900 3051 quo
1945 2968 2051 3051 fit,
2094 2978 2166 3032 ut
2210 2972 2423 3031 aerem
2470 2987 2701 3057 aquam
2755 2967 3001 3029 factum

669 3083 737 3135 ct
781 3083 1002 3151 pctruc
1050 3074 1562 3155 circumpositam
1590 3074 1965 3137 naturaliter
2005 3093 2122 3155 per
2159 3083 2380 3156 guttas
2428 3073 2698 3137 desudet
2737 3091 2778 3136 a
2814 3080 3003 3155 petra

673 3177 998 3239 deculcuc.
1130 3174 1312 3238 [nde
1395 3179 1611 3243 simile
1705 3177 1940 3244 dicitur
2021 3176 2584 3261 Constantinopoli
2641 3181 2710 3244 in
2791 3185 3000 3245 veteri

669 3283 942 3363 palatiu,
1014 3283 1118 3339 uhi
1186 3283 1249 3343 iu
1292 3283 1564 3365 quodam
1612 3283 1977 3348 habitaculo
2035 3291 2188 3345 suut
2248 3285 2537 3347 conchae
2607 3300 3002 3347 marmoreae

669 3387 753 3447 dc
797 3383 990 3447 simili
1034 3387 1279 3469 lupide,
1345 3406 1517 3472 quae
1557 3408 1674 3471 per
1715 3404 1792 3450 se
1851 3389 2028 3470 ipsas
2072 3406 2243 3472 aqua
2307 3389 2668 3471 replentur,
2740 3397 2805 3451 et
2848 3388 3000 3452 dum

666 3497 1105 3573 evacuantur,
1151 3492 1418 3575 iterum,
1461 3493 1640 3557 nullo
1682 3494 1940 3556 homine
1998 3493 2310 3576 faciente,
2378 3496 2721 3577 replentur.
2810 3492 3001 3571 Quod

666 3595 908 3677 vulgus
948 3603 1202 3678 stupet,
1268 3605 1500 3664 tenens
1551 3618 1668 3681 pro
1722 3598 2062 3682 miraculo,
2135 3599 2308 3681 qnod
2350 3609 2562 3663 tamen
2620 3598 3002 3662 naturaliter

668 3699 761 3770 fit.
844 3697 960 3768 Sic
1023 3699 1219 3766 credo
1283 3715 1435 3765 esse
1494 3703 1662 3774 istas
1726 3704 2059 3770 columnas
2115 3705 2557 3789 emdronicas,
2622 3704 3002 3770 naturaliter

666 3803 1009 3871 madentes
1052 3812 1120 3870 et
1164 3807 1499 3875 sudantes..

831 3910 906 3971 In
951 3909 1175 3974 eadem
1210 3913 1465 3995 capella
1506 3922 1609 3976 est
1649 3933 1781 3978 una
1814 3914 2066 3998 lapidea
2111 3916 2361 3979 concha
2409 3916 2476 3977 iu
2538 3932 2752 3995 muro,
2808 3911 3002 3994 juxta

665 4015 869 4079 ultarc
933 4035 1049 4095 pru
1110 4035 1274 4099 cquc
1326 4017 1664 4081 bcucdicta
1716 4020 2139 4103 imponenda,
2186 4039 2355 4105 quae
2406 4020 2541 4104 jam
2592 4037 2852 4102 semper
2893 4025 3001 4079 est

669 4136 877 4179 vacua
917 4131 981 4179 ct,
1025 4123 1170 4183 sinc
1210 4143 1374 4203 aqua
1422 4123 1776 4188 hcnedicta.
1863 4127 1937 4188 In
2005 4127 2174 4189 hanc
2235 4125 2550 4189 concham
2612 4122 2759 4185 dum
2807 4122 3000 4185 homo

665 4231 857 4303 caput
901 4227 1078 4307 punit
1118 4235 1186 4287 ct
1226 4227 1562 4311 auscultat,
1606 4230 1785 4293 audit
1829 4232 2016 4317 quasi
2039 4231 2392 4294 stridentes
2433 4228 2676 4313 ignium
2705 4228 3003 4289 flammas

669 4339 729 4391 ct
777 4331 1142 4411 strepitum,
1202 4335 1386 4411 quasi
1450 4335 1790 4399 decursum
1850 4353 2160 4426 aquarum
2221 4334 2602 4416 multarum,
2653 4333 3004 4415 praecipue

669 4447 905 4511 tarucu,
951 4435 1206 4515 quant-„lc
1254 4439 1438 4499 hcmc
1486 4438 1662 4528 seps
1707 4450 1811 4516 ent
1845 4442 1914 4508 iu
1958 4439 2242 4529 θαρσῶ,-
2271 4441 2525 4505 ethaeo
2549 4437 2772 4508 audire
2795 4438 3004 4525 cupit,
