3242 5259
1387 385 1432 449 5

244 571 634 657 quandoque
689 569 962 635 multum
977 615 998 654 ,
1056 569 1446 655 quandoque
1499 569 1714 633 minus
1728 614 1751 654 ,
1817 587 1935 652 pro
1997 572 2191 636 naulo
2248 571 2582 656 recipiunt.

244 682 520 744 Tantum
573 688 795 742 autem
841 678 925 743 de
977 679 1287 762 expensis
1348 676 1793 760 recipiendum
1846 677 2000 740 mihi
2056 688 2347 763 constat,
2414 663 2588 763 q‘t‘iod

244 787 444 850 bursa
507 785 709 868 plena
770 793 840 847 et
923 793 1156 847 manus
1229 783 1413 880 larga
1489 802 1794 867 magnam
1864 784 2153 848 deservit
2220 802 2452 867 pacem
2519 785 2588 848 in

243 891 765 976 peregrinatione
801 889 936 970 illa,
992 890 1190 956 Multi
1231 889 1536 982 etiam‚in
1567 889 1711 976 suis
1740 888 2043 953 libellulis
2075 883 2589 972 peregrinalibus

241 998 535 1061 nituntur
574 995 1034 1062 determinatas
1073 996 1465 1060 directiones
1510 997 1666 1060 dare
1708 995 1791 1060 de
1828 995 2078 1079 diaetiS,
2134 992 2218 1057 de
2258 997 2589 1078 expensis,

244 1101 329 1165 de
367 1102 687 1192 regimine
739 1102 809 1164 in
863 1102 1060 1184 mari,
1127 1096 1211 1164 de
1265 1102 1764 1165 conversatione
1812 1119 1960 1165 cnm
2024 1100 2442 1184 Sarracenis,
2502 1095 2590 1165 'de

241 1208 617 1289 provisione
658 1226 777 1289 per
815 1206 1141 1270 desertum
1157 1252 1178 1289 ,
1226 1216 1291 1270 et
1334 1207 1420 1271 de
1475 1206 1866 1292 hujusmodi,
1909 1224 2079 1291 qnae
2119 1214 2337 1269 tamen
2379 1208 2594 1269 omnia

239 1315 497 1376 incerta
574 1319 760 1394 sunt,
831 1320 897 1375 et
960 1311 1238 1394 singulis
1311 1314 1656 1377 momentis
1725 1321 2069 1377 mutantur.
2170 1309 2349 1373 Ideo.
2394 1310 2592 1376 etiam

241 1429 511 1482 transeo
550 1417 632 1481 de
671 1417 839 1499 istis,
870 1424 938 1504 ος
978 1417 1231 1479 remitto
1272 1416 1504 1500 legen
1527 1416 1828 1510 volentes
1859 1418 1944 1482 ad
1979 1418 2106 1481 alia
2139 1416 2589 1500 peregrinalia.

393 1522 884 1587 Substantialia
955 1532 1021 1585 et
1078 1524 1453 1585 necessaria
1520 1524 1694 1587 illius
1759 1541 1990 1587 sacrae
2050 1522 2592 1606 peregrinationis

237 1630 438 1693 vobis
479 1631 549 1693 in
593 1629 728 1693 hoc
785 1629 1184 1712 Evagatorio
1239 1629 1371 1693 late
1430 1639 1498 1693 et
1544 1632 1725 1694 clare
1779 1630 2036 1713 aperui,
2093 1636 2162 1691 et
2202 1627 2282 1690 ad
2328 1627 2589 1691 oculum

237 1734 524 1798 ostendi.
607 1733 680 1796 N
680 1753 763 1796 on
804 1734 1013 1798 solum
1056 1743 1269 1798 autem
1311 1735 1538 1818 vobis,
1578 1736 1734 1800 mihi
1776 1736 1998 1817 ntique
2035 1733 2423 1816 charissimi,
2467 1732 2588 1797 sed

239 1842 442 1904 etiam
499 1838 888 1925 quibusdam
945 1839 1122 1923 aliis,
1187 1841 1345 1903 mihi
1405 1841 1621 1932 mi*
1644 1901 1653 1910 ,
1675 1842 1847 1904 notis
1915 1839 2419 1924 communicavi,
2475 1841 2587 1924 qni

239 1953 523 2028 accepto
565 1963 711 2008 meo
764 1963 1081 2027 processu
1137 1937 1264 2009 s'ibi
1306 1946 1412 2028 ad
1432 1941 1589 2010 sn‘as
1637 1966 1953 2038 personas
1995 1967 2081 2012 ex
2141 1967 2220 2012 eo
2265 1946 2586 2011 libellulos

233 2050 709 2133 confecerunt,
769 2050 944 2134 quod
1001 2058 1225 2152 gamen
1264 2009 1436 2132 ιιῦιὶ
1474 2073 1603 2117 ιιοιι
1658 2052 1996 2137 displicet,
2066 2052 2185 2117 sed
2196 2054 2590 2164 plurimum

240 2157 497 2240 placet,
578 2156 733 2240 quia
812 2155 975 2238 hoc,
1043 2156 1218 2240 quod
1282 2159 1470 2219 sine*
1494 2159 1754 2222 fictione
1833 2158 2063 2243 didici,
2139 2133 2284 2222 sine
2347 2158 2593 2223 invidia

235 2261 672 2325 communico.
754 2259 1004 2330 Eodem
1047 2260 1238 2324 modo
1273 2263 1428 2326 mihi
1467 2264 1717 2348 placet,
1770 2273 1842 2328 ut
1880 2265 2008 2327 hoc
2032 2283 2263 2327 ,meum
2316 2265 2592 2348 Evaga-

236 2367 482 2429 tor-inm
523 2365 1014 2429 communicetis
1057 2365 1201 2428 aliis
1265 2368 1473 2452 nostri
1529 2368 1774 2432 ordinis
1832 2369 2173 2458 fratribtw3
2237 2369 2590 2452 praecipue

237 2477 462 2534 antem
523 2469 832 2533 fratribus
889 2470 1042 2533 mihi
1085 2470 1603 2554 singularisfime
1646 2475 1901 2539 dilectis
1946 2473 2329 2576 Conventus
2384 2472 2585 2536 Basi-

239 2579 523 2656 leensis,
579 2576 748 2639 inter
790 2592 956 2658 quos
999 2594 1039 2637 a
1075 2594 1279 2658 puero
1323 2576 1660 2663 educatus,
1705 2585 1770 2642 et
1806 2581 1874 2643 in
1920 2578 2259 2662 religione*
2275 2587 2341 2640 et
2380 2579 2589 2641 sacris

237 2683 453 2747 literis
493 2683 850 2745 instructus
892 2698 1058 2749 sum
1105 2680 1412 2746 Domum·
1433 2692 1649 2747 autem
1693 2681 2118 2766 dispositione
2151 2682 2594 2746 Praelatorum

244 2799 320 2852 et
381 2787 820 2870 Superiornn»
858 2795 1255 2872 nostrorum,
1315 2788 1529 2878 ,vobis
1559 2790 1661 2880 Q
1711 2788 2104 2850 confratrem
2162 2803 2308 2850 sum
2375 2786 2588 2870 datus,

244 2903 315 2956 ct
376 2892 733 2956 conventui
799 2899 1022 2954 vestro
1091 2890 1494 2978 appodiatus.
1601 2890 2107 2956 communicetis
2164 2891 2359 2954 etiam
2410 2909 2590 2978 rogo

241 2997 750 3062 venerabilibus
823 3003 890 3057 et
956 2995 1311 3080 Religiosis
1389 2997 1686 3062 Dominis
1758 3005 1826 3059 et
1901 2993 2204 3061 Patribus
2291 2997 2456 3060 meis
2520 2996 2590 3059 in

240 3101 495 3187 insigni
534 3100 934 3164 Mon-sterio
976 3100 1372 3187 Elchingen,
1415 3105 1537 3165 sub
1574 3119 1897 3186 generoso
1936 3100 2133 3176 Patre
2174 3112 2241 3166 et
2282 3102 2584 3184 Domino,

239 3209 530 3274 Domino
572 3205 776 3270 Panlo
823 3205 1021 3289 Kast,
1085 3206 1345 3271 Abbate
1410 3206 1791 3291 dignissimo
1836 3181 2256 3293 degentibus,
2325 3205 2590 3272 Ordinis

243 3315 324 3384 S.
368 3310 732 3377 Benefflcti.
815 3310 1111 3376 Dominis
1167 3313 1362 3378 etiam
1412 3312 1707 3396 ejusdem
1769 3309 2013 3378 ordinis
2054 3314 2124 3377 in
2166 3295 2582 3397 wiblingen,

243 3431 312 3484 et
358 3421 428 3482 in
469 3413 794 3481 Blabiiren
854 3417 1091 3480 vicinis
1156 3417 1417 3481 nostris.
1503 3415 1863 3501 Religiosis
1919 3421 2112 3482 etiam
2174 3419 2476 3482 Dominis
2520 3427 2587 3481 et

241 3497 558 3589 Patribus
599 3515 1128 3587 cartusiensibus
1168 3521 1235 3584 in
1276 3522 1805 3607 Bono-Lapide,
1850 3529 1929 3587 et
1957 3525 2024 3587 in
2065 3524 2480 3606 Bnchsheim,
2525 3531 2593 3585 et

243 3633 319 3693 in
362 3631 575 3693 Horto
629 3609 1158 3692 Christi.1dem
1222 3629 1681 3691 communicari
1741 3647 1944 3712 posco
1989 3637 2055 3691 et
2115 3628 2369 3693 devotis
2425 3627 2588 3690 viris
2630 3703 2645 3712 ,

241 3730 550 3794 Dominis
573 3725 924 3794 canonicis
943 3729 1380 3813 Regularibns
1417 3734 1659 3797 vestris
1682 3732 2122 3799 concivibus
2104 3753 2169 3797 ιιι
2203 3732 2592 3798 monasterio

245 3835 587 3919 Wengen.
629 3833 815 3920 ,sod
857 3843 925 3897 et
965 3835 1289 3919 religiosis
1332 3845 1400 3900 et
1441 3838 1821 3903 reverendis
1876 3837 2309 3906 confratribus
2351 3837 2594 3901 nostris

244 3941 615 4005 Minoribus
648 3939 901 4022 Ulma03
943 3940 1285 4020 vobiscum
1328 3944 1892 4028 commorantibus,
1942 3961 2186 4032 quaeso
2231 3941 2592 4007 communi-

244 4055 450 4128 cetur,
490 4055 572 4110 ιιι.
607 4053 678 4110 et
714 4043 1000 4128 juvenes
1042 4064 1260 4110 eornm
1271 4046 1581 4144 legendo
1623 4048 2090 4134 Evagatorium
2128 4050 2197 4114 in
2239 4048 2589 4112 stabilitate
2696 4116 2703 4122 ,

245 4150 634 4236 firmentur„
677 4159 747 4214 et
796 4169 883 4213 ex
937 4149 1370 4235 desa-iptio„
1427 4162 1799 4217 sanctorum
1855 4154 2144 4219 locorum
2205 4156 2590 4238 scripturam

241 4275 482 4328 ueram
527 4255 828 4332 lucidius
870 4256 1263 4340 inteiligant,
1325 4261 1396 4318 et
1443 4257 1512 4320 in
1553 4256 1902 4336 devotione
1942 4268 2009 4323 et
2050 4258 2589 4342 contemplatione

231 4369 431 4456 magis
458 4362 852 4455 proficiant.
894 4355 1047 4424 Non
1075 4361 1246 4424 enim
1278 4359 1414 4424 nisi’
1428 4345 1510 4426 ad
1544 4364 1904 4445 profectum
1924 4381 2115 4427 sunm
2137 4369 2436 4447 poterunt
2456 4369 2587 4422 tam

211 4478 442 4544 maturi
488 4482 562 4538 et
607 4464 919 4549 religiosi
961 4463 1085 4530 viri
1125 4466 1253 4533 hoc
1293 4467 1666 4550 evagatorio
1709 4470 1825 4551 nti,
1868 4477 1932 4532 et
1971 4469 2031 4532 si
2074 4462 2586 4553 reprehendibile
