3242 5259
1185 325 1516 440 ..35⁵

443 509 787 576 Praefatae
829 506 1347 573 Christianorum
1369 516 1632 591 ¹gentes
1693 517 2072 572 manserunt
2123 511 2192 573 in
2230 507 2620 591 Jerusalem,

279 613 539 700 qnando
575 622 769 698 capta
812 613 939 676 fuit
981 613 1219 677 civitas
1256 631 1301 676 a
1339 611 1763 693 Samcenis3
1807 620 1872 676 et
1916 610 2173 694 expulsi
2212 613 2457 699 Latini,
2495 631 2633 700 pan·

283 718 564 783 triarcha
605 725 671 780 et
711 736 831 782 rex
870 715 1241 780 Jerusalem
1285 735 1432 780 cum
1495 716 1796 779 omnibus
1837 717 2013 798 suis,
2074 725 2136 780 et
2196 718 2432 782 tradita
2499 720 2625 784 l'uit

279 822 412 885 illis
433 821 827 885 Christianis
869 821 1152 884 ecclesia
1191 811 1404 886 sancti
1445 819 1794 902 sepulchri,
1833 822 1926 882 ita
1968 830 2183 884 tamen
2204 865 2225 903 ,
2268 820 2441 906 quod
2477 822 2623 888 loca

278 928 348 991 in
391 944 490 1009 ea,
532 945 702 1010 quae
746 925 1101 1009 placerent,
1143 933 1449 987 emerent.
1548 920 1739 1001 Quod
1781 933 1846 987 et
1884 924 2204 989 fecerunt.
2303 926 2392 988 Et
2448 924 2624 990 facta

280 1039 388 1096 est
427 1033 496 1092 in
537 1027 777 1112 templo
820 1030 946 1094 hoc
1003 1036 1234 1092 sancto
1277 1027 1573 1091 confusio
1620 1030 2010 1093 commixtae
2052 1026 2481 1094 multitudinis
2539 1029 2623 1092 ah

280 1151 448 1200 anno
489 1132 754 1196 Domini
818 1131 1358 1226 hichxxxvll.
1428 1130 1532 1193 die
1603 1132 1717 1196 11..
1772 1132 2099 1217 Octobris,
2141 1141 2208 1196 et
2246 1141 2625 1196 manserunt

274 1236 653 1322 praedictae
684 1248 922 1322 gentes
942 1254 1196 1324 omnes,
1234 1236 1470 1300 demtis
1491 1236 1766 1319 Latinis,
1804 1238 1875 1301 in
1893 1236 2280 1321 Jerusalem,
2322 1237 2625 1304 servien-

277 1347 389 1404 tes
430 1341 814 1406 Sarracenis
849 1344 975 1412 snb
1016 1345 1274 1406 tributo.
1362 1342 1564 1406 Stetit
1606 1351 1818 1405 autem
1858 1341 2095 1408 civitas
2135 1351 2365 1405 sancta
2407 1341 2625 1405 multis

273 1446 472 1510 aniu‘s
504 1446 650 1509 sine
689 1446 905 1511 latinis
947 1445 1355 1528 Christianis,
1399 1464 1746 1530 quousque
1801 1445 2130 1530 Robertus
2188 1465 2308 1509 rex
2345 1441 2629 1510 Siciliae

269 1549 483 1616 multo
537 1567 695 1614 auro
739 1552 1145 1635 comparavit
1201 1569 1243 1613 a
1281 1550 1569 1614 soldano
1617 1550 1764 1614 loos
1820 1559 2056 1616 saincta
2112 1550 2366 1635 aliqua,
2423 1559 2491 1613 et
2545 1568 2627 1615 ea

277 1654 600 1720 fratribus
638 1655 991 1720 minorihus
1038 1654 1318 1737 tradidit,
1363 1655 1474 1737 qui
1517 1673 1597 1720 ea
1638 1653 1976 1738 possident
2020 1661 2232 1740 usque
2254 1656 2321 1719 in
2362 1653 2628 1722 hodier-

276 1781 436 1826 num
479 1760 675 1829 diem.
760 1759 862 1822 De
900 1760 1003 1822 his
1044 1757 1197 1821 vide
1236 1776 1458 1842 supra,
1503 1758 1609 1824 fel.
1661 1760 1823 1824 1oe.-
1946 1753 1961 1764 “

443 1865 644 1928 Porro
714 1873 973 1947 praeter
1014 1872 1248 1946 gentes
1293 1863 1430 1946 jam
1496 1871 1872 1926 numeratas
1929 1873 2087 1930 sunt
2144 1865 2374 1950 plures
2441 1874 2629 1928 extra

279 1968 481 2032 fldem
522 1966 769 2032 Christi
805 1970 874 2030 ln
915 1967 1303 2052 Jerusalem,
1357 1977 1428 2032 ut
1463 1968 1831 2052 Sarraceni,
1850 1968 2111 2053 sudaei,
2154 1970 2370 2052 Tenui,
2392 1969 2630 2033 Sama-

283 2072 502 2155 ritani,
534 2071 913 2156 Mamaluci,
957 2072 1042 2136 de
1081 2073 1317 2156 quibus
1374 2074 1674 2137 omnibus
1732 2072 2091 2137 luculenter
2134 2081 2379 2148 tractat
2426 2092 2631 2159 saepe

284 2177 505 2241 dictus
576 2175 960 2259 magnificus
1010 2175 1307 2239 dominns
1378 2173 1795 2240 Bernhardus
1850 2175 1933 2239 de
1986 2178 2418 2244 Braitenbach
2437 2223 2457 2260 ‚
2515 2180 2629 2262 qui

284 2282 486 2347 nullis
526 2295 803 2366 parcens
844 2281 1164 2344 sumtibus
1205 2295 1323 2363 pro
1364 2279 1662 2346 ordinata
1702 2282 2171 2362 compositione
2231 2283 2336 2346 sui
2389 2300 2630 2365 pereg-

283 2386 513 2451 rinalis
562 2387 709 2452 sive
752 2383 1063 2452 itinerarii
1128 2384 1380 2448 induxit
1422 2384 1859 2448 venerabilem
1903 2386 2279 2468 magistrum
2300 2430 2324 2474 ,
2388 2381 2635 2452 illumi-

285 2500 520 2556 natum
570 2491 937 2572 theologum
979 2498 1048 2554 et
1109 2483 1405 2552 ornatum
1445 2489 1786 2572 rhetorem,
1826 2483 2135 2562 vidonem
2152 2499 2404 2572 patrem
2424 2490 2647 2574 ‘Mar-³

284 2597 499 2660 tinum
540 2595 734 2679 Roth,
783 2594 1052 2657 Ordinis
1106 2591 1314 2672 (186
1331 2593 1439 2676 A)
1513 2593 2076 2676 Praedicatorum,
2131 2594 2304 2677 quod
2354 2595 2633 2678 passati

283 2699 539 2764 domini
596 2699 990 2766 itinerarium
1049 2706 1275 2766 ornato
1320 2706 1384 2760 et
1424 2707 1682 2780 compto
1725 2696 1876 2762 stilo
1918 2699 2320 2781 composuit,
2359 2708 2429 2762 et
2463 2716 2636 2782 gen-

283 2805 456 2869 tium
497 2802 938 2868 diversitatem
973 2801 1397 2868 habitantium
1433 2803 1501 2864 in
1558 2802 1924 2868 Jerusalem
1971 2817 2120 2868 cum
2183 2804 2507 2866 erroribus
2568 2812 2637 2866 et

209 2889 234 2922 '⁶
282 2909 831 2994 perversitatibus
873 2916 942 2970 et
1001 2906 1284 2971 moribus
1324 2905 1498 2969 clare
1553 2905 1928 2990 descripsit,
1974 2908 2327 2991 reprobans
2383 2921 2635 2974 orror&

283 3020 356 3078 et
399 3013 790 3076 utilissimas
854 3009 1182 3076 doctrinas
1228 3009 1629 3094 theologicas
1694 3010 1957 3075 tradens
2019 3028 2167 3074 cum
2207 3010 2653 3096 solutionibus,

280 3117 640 3183 multarum
685 3114 1147 3184 difficultatum.
1196 3112 1526 3178 Conduxit
1568 3116 1761 3180 etiam
1806 3117 2016 3199 pretio
2046 3116 2363 3181 eruditum
2402 3116 2635 3196 virum,

280 3220 658 3288 Ethai-dum
700 3219 1001 3305 Rewich,
1043 3219 1536 3283 subtilissimum
1581 3220 1923 3304 pictorem,
1989 3222 2099 3305 qui
2157 3230 2380 3304 portus
2439 3222 2635 3284 maris

282 3336 354 3392 et
423 3325 738 3391 civitates
780 3331 850 3387 et
913 3333 1124 3387 terrae
1165 3324 1342 3406 loce,
1385 3332 1451 3386 et
1504 3327 1852 3408 praecipue
1906 3331 2142 3394 terram
2182 3332 2513 3409 sanctam,
2571 3334 2639 3389 et

278 3432 580 3498 habitum
622 3428 909 3513 gentium
951 3427 1264 3494 dictarum
1327 3431 1587 3513 proprie
1630 3429 1956 3513 figuravit,
1996 3440 2065 3493 et.
2102 3430 2348 3513 figuras
2389 3430 2472 3494 ad
2515 3429 2636 3495 de-
2684 3419 2689 3424 ’

277 3537 684 3620 scriptiones
727 3534 994 3617 aptavit.
1040 3532 1291 3598 Ibidem
1334 3552 1514 3618 ergo,
1557 3537 1619 3596 si
1662 3536 1768 3598 cui
1812 3535 2047 3619 placet,
2090 3534 2286 3618 legat,
2330 3544 2396 3599 et
2438 3536 2640 3599 multa

281 3659 325 3705 a
367 3658 482 3703 me
525 3635 792 3702 dimissa
832 3638 1135 3702 inveniet.
1182 3639 1330 3724 Ego
1371 3647 1584 3702 autem
1629 3659 1749 3723 pro
1789 3658 1964 3706 nunc
1993 3638 2264 3703 ulterius
2291 3638 2637 3722 procedam

278 3743 371 3809 ad
409 3743 850 3828 evagandum.
1231 3729 1238 3738 ⁸

280 3893 654 3974 visitatio
731 3894 1057 3971 locorum
1117 3905 1530 3971 sanctorum
1583 3919 1720 3998 per
1784 3896 2154 3978 civitatem
2206 3895 2640 3986 &Jerusa-

935 4014 1081 4092 lem
1140 4026 1219 4091 et
1263 4039 1398 4118 per
1446 4014 1820 4094 circuitum
1869 4022 2056 4120 ejus.

455 4177 709 4258 Quinta
760 4182 1011 4249 decima
1066 4182 1172 4248 die
1229 4185 1356 4249 hoc
1411 4185 1479 4248 in
1552 4185 1725 4250 festo
1796 4185 2138 4250 divisionis
2181 4186 2640 4269 apostolorum,

280 4284 464 4350 diem
509 4284 877 4352 inchoando
919 4307 961 4353 a
978 4288 1393 4373 praecedenti
1434 4307 1718 4374 vespera
1738 4335 1758 4372 ,
1806 4289 2247 4356 denuntiatum
2273 4289 2396 4354 fuit
2432 4288 2646 4351 omni-

279 4388 416 4454 bus
461 4392 850 4477 peregrinis,
872 4403 946 4459 nt
985 4396 1051 4458 in
1091 4394 1393 4460 occubitu
1414 4394 1575 4458 solis
1610 4402 1890 4460 montem
1916 4393 2078 4459 Sion
2121 4390 2645 4552 ”gamssdffl'fflb
2680 4425 2689 4434 -
