<?xml version="1.0" encoding="UTF-8"?>
<!DOCTYPE html PUBLIC "-//W3C//DTD XHTML 1.0 Transitional//EN"
    "http://www.w3.org/TR/xhtml1/DTD/xhtml1-transitional.dtd">
<html xmlns="http://www.w3.org/1999/xhtml" xml:lang="en" lang="en">
 <head>
  <title>
</title>
<meta http-equiv="Content-Type" content="text/html;charset=utf-8" />
  <meta name='ocr-system' content='tesseract 3.04.00' />
  <meta name='ocr-capabilities' content='ocr_page ocr_carea ocr_par ocr_line ocrx_word'/>
</head>
<body>
  <div class='ocr_page' id='page_1' title='image "./fratrisfelicisf00unkngoog_0248.png"; bbox 0 0 3242 5259; ppageno 0'>
   <div class='ocr_carea' id='block_1_1' title="bbox 597 324 2932 623">
    <p class='ocr_par' dir='ltr' id='par_1_1' title="bbox 597 324 2932 623">
     <span class='ocr_line' id='line_1_1' title="bbox 1692 324 1823 404; baseline 0 -2"><span class='ocrx_word' id='word_1_1' title='bbox 1692 324 1823 404; x_wconf 61' lang='grc' dir='ltr'><strong>Ἀθ</strong></span> 
     </span>
     <span class='ocr_line' id='line_1_2' title="bbox 597 516 2932 623; baseline -0.003 -21"><span class='ocrx_word' id='word_1_2' title='bbox 597 525 970 602; x_wconf 66' lang='lat' dir='ltr'><strong>necessus</strong></span> <span class='ocrx_word' id='word_1_3' title='bbox 1034 520 1574 623; x_wconf 80' lang='lat' dir='ltr'><strong>peregrinorum</strong></span> <span class='ocrx_word' id='word_1_4' title='bbox 1660 548 1707 599; x_wconf 83' lang='lat' dir='ltr'><strong>a</strong></span> <span class='ocrx_word' id='word_1_5' title='bbox 1763 522 1993 599; x_wconf 75' lang='lat' dir='ltr'><strong>Rama</strong></span> <span class='ocrx_word' id='word_1_6' title='bbox 2040 520 2115 598; x_wconf 90' lang='lat' dir='ltr'><strong>in</strong></span> <span class='ocrx_word' id='word_1_7' title='bbox 2166 523 2503 597; x_wconf 82' lang='lat' dir='ltr'><strong>montana</strong></span> <span class='ocrx_word' id='word_1_8' title='bbox 2572 516 2932 598; x_wconf 79' lang='lat' dir='ltr'><strong>Judaeae.</strong></span> 
     </span>
    </p>
   </div>
   <div class='ocr_carea' id='block_1_2' title="bbox 537 699 2934 4474">
    <p class='ocr_par' dir='ltr' id='par_1_2' title="bbox 537 699 2934 4468">
     <span class='ocr_line' id='line_1_3' title="bbox 762 699 2934 790; baseline -0.002 -21"><span class='ocrx_word' id='word_1_9' title='bbox 762 705 1063 790; x_wconf 80' lang='lat' dir='ltr'><strong>Vespere</strong></span> <span class='ocrx_word' id='word_1_10' title='bbox 1106 703 1279 769; x_wconf 82' lang='lat' dir='ltr'><strong>facto</strong></span> <span class='ocrx_word' id='word_1_11' title='bbox 1320 706 1388 770; x_wconf 90' lang='lat' dir='ltr'><strong>in</strong></span> <span class='ocrx_word' id='word_1_12' title='bbox 1444 704 1549 769; x_wconf 86' lang='lat' dir='ltr'><strong>die</strong></span> <span class='ocrx_word' id='word_1_13' title='bbox 1590 702 1663 768; x_wconf 87' lang='lat' dir='ltr'><strong>S.</strong></span> <span class='ocrx_word' id='word_1_14' title='bbox 1706 703 2006 788; x_wconf 74' lang='lat' dir='ltr'><strong>Procopii</strong></span> <span class='ocrx_word' id='word_1_15' title='bbox 2050 703 2451 772; x_wconf 72' lang='lat' dir='ltr'><strong>accinximus</strong></span> <span class='ocrx_word' id='word_1_16' title='bbox 2507 718 2631 765; x_wconf 88' lang='lat' dir='ltr'><strong>nos</strong></span> <span class='ocrx_word' id='word_1_17' title='bbox 2673 699 2760 766; x_wconf 83' lang='lat' dir='ltr'><strong>ad</strong></span> <span class='ocrx_word' id='word_1_18' title='bbox 2809 702 2934 766; x_wconf 89' lang='lat' dir='ltr'><strong>iter</strong></span> 
     </span>
     <span class='ocr_line' id='line_1_4' title="bbox 599 806 2932 895; baseline -0.002 -19"><span class='ocrx_word' id='word_1_19' title='bbox 599 819 670 876; x_wconf 91' lang='lat' dir='ltr'><strong>et</strong></span> <span class='ocrx_word' id='word_1_20' title='bbox 731 810 978 895; x_wconf 70' lang='lat' dir='ltr'><strong>ordine,</strong></span> <span class='ocrx_word' id='word_1_21' title='bbox 1039 829 1168 895; x_wconf 85' lang='lat' dir='ltr'><strong>quo</strong></span> <span class='ocrx_word' id='word_1_22' title='bbox 1229 826 1652 892; x_wconf 86' lang='lat' dir='ltr'><strong>veneramus,</strong></span> <span class='ocrx_word' id='word_1_23' title='bbox 1729 810 2051 874; x_wconf 74' lang='lat' dir='ltr'><strong>exivimus</strong></span> <span class='ocrx_word' id='word_1_24' title='bbox 2093 809 2178 875; x_wconf 82' lang='lat' dir='ltr'><strong>de</strong></span> <span class='ocrx_word' id='word_1_25' title='bbox 2231 808 2565 892; x_wconf 85' lang='lat' dir='ltr'><strong>hospitali,</strong></span> <span class='ocrx_word' id='word_1_26' title='bbox 2630 806 2932 874; x_wconf 86' lang='lat' dir='ltr'><strong>sacculos</strong></span> 
     </span>
     <span class='ocr_line' id='line_1_5' title="bbox 595 914 2933 999; baseline -0.002 -17"><span class='ocrx_word' id='word_1_27' title='bbox 595 926 855 982; x_wconf 88' lang='lat' dir='ltr'><strong>nostros</strong></span> <span class='ocrx_word' id='word_1_28' title='bbox 922 917 991 979; x_wconf 91' lang='lat' dir='ltr'><strong>in</strong></span> <span class='ocrx_word' id='word_1_29' title='bbox 1058 914 1247 980; x_wconf 87' lang='lat' dir='ltr'><strong>collis</strong></span> <span class='ocrx_word' id='word_1_30' title='bbox 1313 922 1665 999; x_wconf 82' lang='lat' dir='ltr'><strong>portantes.</strong></span> <span class='ocrx_word' id='word_1_31' title='bbox 1753 914 2194 980; x_wconf 69' lang='lat' dir='ltr'><strong>Transeuntes</strong></span> <span class='ocrx_word' id='word_1_32' title='bbox 2249 924 2462 979; x_wconf 88' lang='lat' dir='ltr'><strong>autem</strong></span> <span class='ocrx_word' id='word_1_33' title='bbox 2532 931 2652 996; x_wconf 88' lang='lat' dir='ltr'><strong>per</strong></span> <span class='ocrx_word' id='word_1_34' title='bbox 2704 915 2933 978; x_wconf 90' lang='lat' dir='ltr'><strong>urbem</strong></span> 
     </span>
     <span class='ocr_line' id='line_1_6' title="bbox 594 1017 2932 1105; baseline -0.002 -17"><span class='ocrx_word' id='word_1_35' title='bbox 594 1030 1010 1088; x_wconf 86' lang='lat' dir='ltr'><strong>accurrerunt</strong></span> <span class='ocrx_word' id='word_1_36' title='bbox 1074 1020 1361 1105; x_wconf 81' lang='lat' dir='ltr'><strong>undique</strong></span> <span class='ocrx_word' id='word_1_37' title='bbox 1414 1019 1635 1105; x_wconf 83' lang='lat' dir='ltr'><strong>populi</strong></span> <span class='ocrx_word' id='word_1_38' title='bbox 1649 1064 1673 1104; x_wconf 91' lang='lat'><strong>,</strong></span> <span class='ocrx_word' id='word_1_39' title='bbox 1729 1029 1796 1084; x_wconf 89' lang='lat' dir='ltr'><strong>et</strong></span> <span class='ocrx_word' id='word_1_40' title='bbox 1838 1021 2098 1084; x_wconf 83' lang='lat' dir='ltr'><strong>stabant</strong></span> <span class='ocrx_word' id='word_1_41' title='bbox 2160 1021 2291 1085; x_wconf 85' lang='lat' dir='ltr'><strong>vici</strong></span> <span class='ocrx_word' id='word_1_42' title='bbox 2343 1017 2519 1103; x_wconf 91' lang='lat' dir='ltr'><strong>pleni</strong></span> <span class='ocrx_word' id='word_1_43' title='bbox 2564 1018 2932 1083; x_wconf 86' lang='lat' dir='ltr'><strong>hominibus</strong></span> 
     </span>
     <span class='ocr_line' id='line_1_7' title="bbox 592 1124 2928 1213; baseline -0.003 -20"><span class='ocrx_word' id='word_1_44' title='bbox 592 1129 936 1213; x_wconf 76' lang='lat' dir='ltr'><strong>utriusque</strong></span> <span class='ocrx_word' id='word_1_45' title='bbox 969 1143 1195 1209; x_wconf 84' lang='lat' dir='ltr'><strong>sexus,</strong></span> <span class='ocrx_word' id='word_1_46' title='bbox 1222 1125 1573 1189; x_wconf 84' lang='lat' dir='ltr'><strong>volentium</strong></span> <span class='ocrx_word' id='word_1_47' title='bbox 1618 1141 1741 1188; x_wconf 85' lang='lat' dir='ltr'><strong>nos</strong></span> <span class='ocrx_word' id='word_1_48' title='bbox 1767 1124 2010 1188; x_wconf 81' lang='lat' dir='ltr'><strong>videre.</strong></span> <span class='ocrx_word' id='word_1_49' title='bbox 2048 1126 2135 1189; x_wconf 79' lang='lat' dir='ltr'><strong>Et</strong></span> <span class='ocrx_word' id='word_1_50' title='bbox 2170 1125 2287 1189; x_wconf 87' lang='lat' dir='ltr'><strong>fuit</strong></span> <span class='ocrx_word' id='word_1_51' title='bbox 2328 1140 2637 1209; x_wconf 82' lang='lat' dir='ltr'><strong>pressura</strong></span> <span class='ocrx_word' id='word_1_52' title='bbox 2668 1141 2928 1208; x_wconf 88' lang='lat' dir='ltr'><strong>magna,</strong></span> 
     </span>
     <span class='ocr_line' id='line_1_8' title="bbox 591 1227 2929 1314; baseline -0.003 -16"><span class='ocrx_word' id='word_1_53' title='bbox 591 1242 659 1298; x_wconf 89' lang='lat' dir='ltr'><strong>et</strong></span> <span class='ocrx_word' id='word_1_54' title='bbox 702 1251 851 1298; x_wconf 89' lang='lat' dir='ltr'><strong>cnm</strong></span> <span class='ocrx_word' id='word_1_55' title='bbox 905 1234 1031 1298; x_wconf 89' lang='lat' dir='ltr'><strong>hoc</strong></span> <span class='ocrx_word' id='word_1_56' title='bbox 1071 1233 1477 1298; x_wconf 71' lang='lat' dir='ltr'><strong>excitabatur</strong></span> <span class='ocrx_word' id='word_1_57' title='bbox 1516 1238 1731 1294; x_wconf 86' lang='lat' dir='ltr'><strong>terrae</strong></span> <span class='ocrx_word' id='word_1_58' title='bbox 1771 1229 1988 1313; x_wconf 88' lang='lat' dir='ltr'><strong>pulvis</strong></span> <span class='ocrx_word' id='word_1_59' title='bbox 2034 1239 2165 1295; x_wconf 83' lang='lat' dir='ltr'><strong>tarn</strong></span> <span class='ocrx_word' id='word_1_60' title='bbox 2204 1230 2498 1314; x_wconf 90' lang='lat' dir='ltr'><strong>spissus,</strong></span> <span class='ocrx_word' id='word_1_61' title='bbox 2540 1227 2715 1313; x_wconf 81' lang='lat' dir='ltr'><strong>quod</strong></span> <span class='ocrx_word' id='word_1_62' title='bbox 2755 1246 2929 1293; x_wconf 91' lang='lat' dir='ltr'><strong>unus</strong></span> 
     </span>
     <span class='ocr_line' id='line_1_9' title="bbox 584 1333 2928 1419; baseline -0.005 -11"><span class='ocrx_word' id='word_1_63' title='bbox 584 1341 834 1408; x_wconf 82' lang='lat' dir='ltr'><strong>socium</strong></span> <span class='ocrx_word' id='word_1_64' title='bbox 874 1336 1313 1404; x_wconf 72' lang='lat' dir='ltr'><strong>collateralem</strong></span> <span class='ocrx_word' id='word_1_65' title='bbox 1354 1335 1471 1399; x_wconf 83' lang='lat' dir='ltr'><strong>vix</strong></span> <span class='ocrx_word' id='word_1_66' title='bbox 1514 1336 1729 1417; x_wconf 86' lang='lat' dir='ltr'><strong>potuit</strong></span> <span class='ocrx_word' id='word_1_67' title='bbox 1781 1335 2040 1419; x_wconf 83' lang='lat' dir='ltr'><strong>videre,</strong></span> <span class='ocrx_word' id='word_1_68' title='bbox 2102 1345 2170 1399; x_wconf 89' lang='lat' dir='ltr'><strong>et</strong></span> <span class='ocrx_word' id='word_1_69' title='bbox 2209 1337 2270 1398; x_wconf 92' lang='lat' dir='ltr'><strong>si</strong></span> <span class='ocrx_word' id='word_1_70' title='bbox 2313 1333 2514 1417; x_wconf 84' lang='lat' dir='ltr'><strong>vidit,</strong></span> <span class='ocrx_word' id='word_1_71' title='bbox 2563 1349 2928 1417; x_wconf 85' lang='lat' dir='ltr'><strong>agnoscere</strong></span> 
     </span>
     <span class='ocr_line' id='line_1_10' title="bbox 585 1437 2928 1528; baseline -0.003 -20"><span class='ocrx_word' id='word_1_72' title='bbox 585 1464 716 1510; x_wconf 88' lang='lat' dir='ltr'><strong>non</strong></span> <span class='ocrx_word' id='word_1_73' title='bbox 776 1447 1014 1528; x_wconf 76' lang='lat' dir='ltr'><strong>potuit,</strong></span> <span class='ocrx_word' id='word_1_74' title='bbox 1090 1449 1353 1526; x_wconf 89' lang='lat' dir='ltr'><strong>propter</strong></span> <span class='ocrx_word' id='word_1_75' title='bbox 1411 1440 1703 1525; x_wconf 84' lang='lat' dir='ltr'><strong>pulveris</strong></span> <span class='ocrx_word' id='word_1_76' title='bbox 1765 1437 2174 1510; x_wconf 77' lang='lat' dir='ltr'><strong>densitatem.</strong></span> <span class='ocrx_word' id='word_1_77' title='bbox 2271 1439 2447 1503; x_wconf 88' lang='lat' dir='ltr'><strong>Nam</strong></span> <span class='ocrx_word' id='word_1_78' title='bbox 2514 1455 2724 1522; x_wconf 82' lang='lat' dir='ltr'><strong>cappa</strong></span> <span class='ocrx_word' id='word_1_79' title='bbox 2779 1456 2928 1502; x_wconf 89' lang='lat' dir='ltr'><strong>mea</strong></span> 
     </span>
     <span class='ocr_line' id='line_1_11' title="bbox 585 1543 2926 1632; baseline -0.002 -18"><span class='ocrx_word' id='word_1_80' title='bbox 585 1551 775 1632; x_wconf 84' lang='lat' dir='ltr'><strong>nigra</strong></span> <span class='ocrx_word' id='word_1_81' title='bbox 815 1548 936 1612; x_wconf 80' lang='lat' dir='ltr'><strong>fuit</strong></span> <span class='ocrx_word' id='word_1_82' title='bbox 990 1545 1155 1611; x_wconf 83' lang='lat' dir='ltr'><strong>adeo</strong></span> <span class='ocrx_word' id='word_1_83' title='bbox 1216 1545 1488 1630; x_wconf 81' lang='lat' dir='ltr'><strong>pulvere</strong></span> <span class='ocrx_word' id='word_1_84' title='bbox 1548 1545 1800 1628; x_wconf 78' lang='lat' dir='ltr'><strong>infusa,</strong></span> <span class='ocrx_word' id='word_1_85' title='bbox 1862 1543 2035 1628; x_wconf 88' lang='lat' dir='ltr'><strong>quod</strong></span> <span class='ocrx_word' id='word_1_86' title='bbox 2091 1562 2223 1608; x_wconf 92' lang='lat' dir='ltr'><strong>non</strong></span> <span class='ocrx_word' id='word_1_87' title='bbox 2286 1545 2476 1626; x_wconf 85' lang='lat' dir='ltr'><strong>nigra</strong></span> <span class='ocrx_word' id='word_1_88' title='bbox 2524 1543 2646 1607; x_wconf 84' lang='lat' dir='ltr'><strong>sed</strong></span> <span class='ocrx_word' id='word_1_89' title='bbox 2704 1546 2926 1628; x_wconf 85' lang='lat' dir='ltr'><strong>grisea</strong></span> 
     </span>
     <span class='ocr_line' id='line_1_12' title="bbox 583 1639 2923 1736; baseline -0.003 -16"><span class='ocrx_word' id='word_1_90' title='bbox 583 1653 949 1736; x_wconf 77' lang='lat' dir='ltr'><strong>videbatur.</strong></span> <span class='ocrx_word' id='word_1_91' title='bbox 1033 1650 1274 1715; x_wconf 89' lang='lat' dir='ltr'><strong>Nullus</strong></span> <span class='ocrx_word' id='word_1_92' title='bbox 1313 1653 1522 1735; x_wconf 89' lang='lat' dir='ltr'><strong>potuit</strong></span> <span class='ocrx_word' id='word_1_93' title='bbox 1563 1639 1705 1714; x_wconf 57' lang='lat' dir='ltr'><strong>nec*</strong></span> <span class='ocrx_word' id='word_1_94' title='bbox 1726 1649 1970 1734; x_wconf 85' lang='lat' dir='ltr'><strong>oculos,</strong></span> <span class='ocrx_word' id='word_1_95' title='bbox 2011 1667 2135 1713; x_wconf 91' lang='lat' dir='ltr'><strong>nec</strong></span> <span class='ocrx_word' id='word_1_96' title='bbox 2174 1666 2270 1731; x_wconf 92' lang='lat' dir='ltr'><strong>os,</strong></span> <span class='ocrx_word' id='word_1_97' title='bbox 2315 1656 2509 1732; x_wconf 85' lang='lat' dir='ltr'><strong>prout</strong></span> <span class='ocrx_word' id='word_1_98' title='bbox 2550 1652 2923 1714; x_wconf 71' lang='lat' dir='ltr'><strong>necessitas</strong></span> 
     </span>
     <span class='ocr_line' id='line_1_13' title="bbox 583 1753 2919 1844; baseline -0.002 -22"><span class='ocrx_word' id='word_1_99' title='bbox 583 1759 806 1844; x_wconf 77' lang='lat' dir='ltr'><strong>exigit,</strong></span> <span class='ocrx_word' id='word_1_100' title='bbox 848 1758 1117 1841; x_wconf 89' lang='lat' dir='ltr'><strong>aperire.</strong></span> <span class='ocrx_word' id='word_1_101' title='bbox 1163 1755 1247 1818; x_wconf 79' lang='lat' dir='ltr'><strong>Et</strong></span> <span class='ocrx_word' id='word_1_102' title='bbox 1285 1756 1412 1819; x_wconf 87' lang='lat' dir='ltr'><strong>hoc</strong></span> <span class='ocrx_word' id='word_1_103' title='bbox 1459 1775 1577 1838; x_wconf 89' lang='lat' dir='ltr'><strong>per</strong></span> <span class='ocrx_word' id='word_1_104' title='bbox 1626 1762 1825 1819; x_wconf 88' lang='lat' dir='ltr'><strong>totam</strong></span> <span class='ocrx_word' id='word_1_105' title='bbox 1869 1765 2104 1818; x_wconf 86' lang='lat' dir='ltr'><strong>terram</strong></span> <span class='ocrx_word' id='word_1_106' title='bbox 2143 1756 2594 1839; x_wconf 74' lang='lat' dir='ltr'><strong>sustinuimus,</strong></span> <span class='ocrx_word' id='word_1_107' title='bbox 2636 1753 2919 1839; x_wconf 80' lang='lat' dir='ltr'><strong>demptis</strong></span> 
     </span>
     <span class='ocr_line' id='line_1_14' title="bbox 588 1860 2921 1948; baseline -0.001 -22"><span class='ocrx_word' id='word_1_108' title='bbox 588 1863 751 1926; x_wconf 86' lang='lat' dir='ltr'><strong>locis</strong></span> <span class='ocrx_word' id='word_1_109' title='bbox 805 1861 1118 1948; x_wconf 78' lang='lat' dir='ltr'><strong>petrosis,</strong></span> <span class='ocrx_word' id='word_1_110' title='bbox 1162 1868 1229 1922; x_wconf 89' lang='lat' dir='ltr'><strong>et</strong></span> <span class='ocrx_word' id='word_1_111' title='bbox 1286 1860 1542 1943; x_wconf 83' lang='lat' dir='ltr'><strong>quando</strong></span> <span class='ocrx_word' id='word_1_112' title='bbox 1587 1862 1887 1925; x_wconf 89' lang='lat' dir='ltr'><strong>noctibus</strong></span> <span class='ocrx_word' id='word_1_113' title='bbox 1930 1861 2518 1945; x_wconf 82' lang='lat' dir='ltr'><strong>peregrinabamur.</strong></span> <span class='ocrx_word' id='word_1_114' title='bbox 2602 1862 2680 1924; x_wconf 88' lang='lat' dir='ltr'><strong>In</strong></span> <span class='ocrx_word' id='word_1_115' title='bbox 2722 1861 2921 1924; x_wconf 87' lang='lat' dir='ltr'><strong>arctis</strong></span> 
     </span>
     <span class='ocr_line' id='line_1_15' title="bbox 584 1963 2920 2052; baseline -0 -22"><span class='ocrx_word' id='word_1_116' title='bbox 584 1969 713 2030; x_wconf 81' lang='lat' dir='ltr'><strong>viis</strong></span> <span class='ocrx_word' id='word_1_117' title='bbox 735 1971 877 2032; x_wconf 81' lang='lat' dir='ltr'><strong>erat</strong></span> <span class='ocrx_word' id='word_1_118' title='bbox 897 1964 1253 2052; x_wconf 84' lang='lat' dir='ltr'><strong>periculum</strong></span> <span class='ocrx_word' id='word_1_119' title='bbox 1275 1963 1726 2030; x_wconf 81' lang='lat' dir='ltr'><strong>suffocationis</strong></span> <span class='ocrx_word' id='word_1_120' title='bbox 1754 1975 2016 2049; x_wconf 89' lang='lat' dir='ltr'><strong>propter</strong></span> <span class='ocrx_word' id='word_1_121' title='bbox 2033 1965 2303 2028; x_wconf 83' lang='lat' dir='ltr'><strong>densam</strong></span> <span class='ocrx_word' id='word_1_122' title='bbox 2322 1965 2676 2050; x_wconf 84' lang='lat' dir='ltr'><strong>pulverem.</strong></span> <span class='ocrx_word' id='word_1_123' title='bbox 2690 1969 2767 2029; x_wconf 92' lang='lat' dir='ltr'><strong>In</strong></span> <span class='ocrx_word' id='word_1_124' title='bbox 2787 1966 2920 2029; x_wconf 91' lang='lat' dir='ltr'><strong>isto</strong></span> 
     </span>
     <span class='ocr_line' id='line_1_16' title="bbox 580 2069 2921 2158; baseline -0.001 -22"><span class='ocrx_word' id='word_1_125' title='bbox 580 2071 857 2140; x_wconf 80' lang='lat' dir='ltr'><strong>tumultu</strong></span> <span class='ocrx_word' id='word_1_126' title='bbox 897 2069 995 2132; x_wconf 84' lang='lat' dir='ltr'><strong>fui</strong></span> <span class='ocrx_word' id='word_1_127' title='bbox 1050 2079 1270 2133; x_wconf 88' lang='lat' dir='ltr'><strong>trusus</strong></span> <span class='ocrx_word' id='word_1_128' title='bbox 1316 2087 1477 2133; x_wconf 87' lang='lat' dir='ltr'><strong>casu</strong></span> <span class='ocrx_word' id='word_1_129' title='bbox 1532 2071 1615 2134; x_wconf 86' lang='lat' dir='ltr'><strong>ad</strong></span> <span class='ocrx_word' id='word_1_130' title='bbox 1685 2073 2002 2158; x_wconf 78' lang='lat' dir='ltr'><strong>parietem</strong></span> <span class='ocrx_word' id='word_1_131' title='bbox 2062 2070 2399 2153; x_wconf 83' lang='lat' dir='ltr'><strong>cujusdam</strong></span> <span class='ocrx_word' id='word_1_132' title='bbox 2459 2070 2688 2134; x_wconf 85' lang='lat' dir='ltr'><strong>domus</strong></span> <span class='ocrx_word' id='word_1_133' title='bbox 2743 2072 2921 2135; x_wconf 89' lang='lat' dir='ltr'><strong>circa</strong></span> 
     </span>
     <span class='ocr_line' id='line_1_17' title="bbox 579 2174 2918 2260; baseline 0 -22"><span class='ocrx_word' id='word_1_134' title='bbox 579 2176 926 2239; x_wconf 78' lang='lat' dir='ltr'><strong>fenestras.</strong></span> <span class='ocrx_word' id='word_1_135' title='bbox 1011 2174 1097 2237; x_wconf 74' lang='lat' dir='ltr'><strong>Et</strong></span> <span class='ocrx_word' id='word_1_136' title='bbox 1139 2192 1287 2239; x_wconf 90' lang='lat' dir='ltr'><strong>cum</strong></span> <span class='ocrx_word' id='word_1_137' title='bbox 1331 2175 1524 2240; x_wconf 84' lang='lat' dir='ltr'><strong>turba</strong></span> <span class='ocrx_word' id='word_1_138' title='bbox 1569 2176 1819 2240; x_wconf 85' lang='lat' dir='ltr'><strong>tardius</strong></span> <span class='ocrx_word' id='word_1_139' title='bbox 1880 2184 2284 2260; x_wconf 83' lang='lat' dir='ltr'><strong>moveretur,</strong></span> <span class='ocrx_word' id='word_1_140' title='bbox 2348 2183 2415 2238; x_wconf 89' lang='lat' dir='ltr'><strong>et</strong></span> <span class='ocrx_word' id='word_1_141' title='bbox 2458 2194 2563 2239; x_wconf 88' lang='lat' dir='ltr'><strong>me</strong></span> <span class='ocrx_word' id='word_1_142' title='bbox 2616 2193 2918 2258; x_wconf 87' lang='lat' dir='ltr'><strong>compre-</strong></span> 
     </span>
     <span class='ocr_line' id='line_1_18' title="bbox 576 2280 2914 2370; baseline -0.001 -25"><span class='ocrx_word' id='word_1_143' title='bbox 576 2281 852 2345; x_wconf 87' lang='lat' dir='ltr'><strong>hensum</strong></span> <span class='ocrx_word' id='word_1_144' title='bbox 887 2281 982 2344; x_wconf 87' lang='lat' dir='ltr'><strong>ibi</strong></span> <span class='ocrx_word' id='word_1_145' title='bbox 1023 2288 1292 2364; x_wconf 86' lang='lat' dir='ltr'><strong>teneret,</strong></span> <span class='ocrx_word' id='word_1_146' title='bbox 1337 2283 1599 2364; x_wconf 83' lang='lat' dir='ltr'><strong>respexi</strong></span> <span class='ocrx_word' id='word_1_147' title='bbox 1643 2302 1761 2365; x_wconf 90' lang='lat' dir='ltr'><strong>per</strong></span> <span class='ocrx_word' id='word_1_148' title='bbox 1780 2281 2156 2370; x_wconf 32' lang='lat' dir='ltr'><strong>‘fenestram</strong></span> <span class='ocrx_word' id='word_1_149' title='bbox 2196 2280 2265 2343; x_wconf 91' lang='lat' dir='ltr'><strong>in</strong></span> <span class='ocrx_word' id='word_1_150' title='bbox 2305 2280 2759 2346; x_wconf 86' lang='lat' dir='ltr'><strong>habitaculum.</strong></span> <span class='ocrx_word' id='word_1_151' title='bbox 2824 2280 2914 2343; x_wconf 79' lang='lat' dir='ltr'><strong>Et</strong></span> 
     </span>
     <span class='ocr_line' id='line_1_19' title="bbox 579 2385 2920 2469; baseline -0 -19"><span class='ocrx_word' id='word_1_152' title='bbox 579 2401 739 2450; x_wconf 88' lang='lat' dir='ltr'><strong>ecce</strong></span> <span class='ocrx_word' id='word_1_153' title='bbox 800 2385 883 2449; x_wconf 85' lang='lat' dir='ltr'><strong>ab</strong></span> <span class='ocrx_word' id='word_1_154' title='bbox 946 2386 1122 2450; x_wconf 84' lang='lat' dir='ltr'><strong>intus</strong></span> <span class='ocrx_word' id='word_1_155' title='bbox 1179 2386 1443 2450; x_wconf 87' lang='lat' dir='ltr'><strong>stabant</strong></span> <span class='ocrx_word' id='word_1_156' title='bbox 1506 2386 1825 2450; x_wconf 79' lang='lat' dir='ltr'><strong>foeminae</strong></span> <span class='ocrx_word' id='word_1_157' title='bbox 1876 2403 2025 2449; x_wconf 84' lang='lat' dir='ltr'><strong>cum</strong></span> <span class='ocrx_word' id='word_1_158' title='bbox 2078 2385 2406 2469; x_wconf 78' lang='lat' dir='ltr'><strong>parvulis,</strong></span> <span class='ocrx_word' id='word_1_159' title='bbox 2467 2393 2537 2448; x_wconf 85' lang='lat' dir='ltr'><strong>et</strong></span> <span class='ocrx_word' id='word_1_160' title='bbox 2593 2385 2920 2449; x_wconf 78' lang='lat' dir='ltr'><strong>faciebant</strong></span> 
     </span>
     <span class='ocr_line' id='line_1_20' title="bbox 537 2487 2916 2578; baseline -0.003 -18"><span class='ocrx_word' id='word_1_161' title='bbox 537 2557 542 2562; x_wconf 77' lang='grc'>,</span> <span class='ocrx_word' id='word_1_162' title='bbox 575 2509 723 2560; x_wconf 70' lang='lat' dir='ltr'><strong>aum</strong></span> <span class='ocrx_word' id='word_1_163' title='bbox 767 2487 990 2574; x_wconf 81' lang='lat' dir='ltr'><strong>digitis</strong></span> <span class='ocrx_word' id='word_1_164' title='bbox 1027 2509 1291 2575; x_wconf 89' lang='lat' dir='ltr'><strong>cruces,</strong></span> <span class='ocrx_word' id='word_1_165' title='bbox 1327 2507 1493 2578; x_wconf 80' lang='lat' dir='ltr'><strong>quas</strong></span> <span class='ocrx_word' id='word_1_166' title='bbox 1536 2491 2097 2574; x_wconf 82' lang='lat' dir='ltr'><strong>deosculabantur,</strong></span> <span class='ocrx_word' id='word_1_167' title='bbox 2133 2492 2473 2575; x_wconf 78' lang='lat' dir='ltr'><strong>signantes</strong></span> <span class='ocrx_word' id='word_1_168' title='bbox 2516 2490 2693 2573; x_wconf 88' lang='lat' dir='ltr'><strong>mibi,</strong></span> <span class='ocrx_word' id='word_1_169' title='bbox 2736 2490 2916 2575; x_wconf 79' lang='lat' dir='ltr'><strong>quod</strong></span> 
     </span>
     <span class='ocr_line' id='line_1_21' title="bbox 580 2585 2917 2681; baseline 0 -21"><span class='ocrx_word' id='word_1_170' title='bbox 580 2604 808 2660; x_wconf 84' lang='lat' dir='ltr'><strong>essent</strong></span> <span class='ocrx_word' id='word_1_171' title='bbox 851 2585 1162 2660; x_wconf 71' lang='lat' dir='ltr'><strong>crucifixi</strong></span> <span class='ocrx_word' id='word_1_172' title='bbox 1200 2596 1521 2680; x_wconf 86' lang='lat' dir='ltr'><strong>cultores,</strong></span> <span class='ocrx_word' id='word_1_173' title='bbox 1572 2606 1640 2660; x_wconf 90' lang='lat' dir='ltr'><strong>et</strong></span> <span class='ocrx_word' id='word_1_174' title='bbox 1679 2596 2023 2660; x_wconf 82' lang='lat' dir='ltr'><strong>videbatur</strong></span> <span class='ocrx_word' id='word_1_175' title='bbox 2064 2596 2251 2680; x_wconf 88' lang='lat' dir='ltr'><strong>mibi,</strong></span> <span class='ocrx_word' id='word_1_176' title='bbox 2307 2595 2482 2680; x_wconf 82' lang='lat' dir='ltr'><strong>quod</strong></span> <span class='ocrx_word' id='word_1_177' title='bbox 2543 2595 2917 2681; x_wconf 84' lang='lat' dir='ltr'><strong>lachryma-</strong></span> 
     </span>
     <span class='ocr_line' id='line_1_22' title="bbox 580 2699 2914 2786; baseline 0.001 -21"><span class='ocrx_word' id='word_1_178' title='bbox 580 2710 821 2766; x_wconf 72' lang='lat' dir='ltr'><strong>rentur.</strong></span> <span class='ocrx_word' id='word_1_179' title='bbox 903 2700 989 2765; x_wconf 75' lang='lat' dir='ltr'><strong>Et</strong></span> <span class='ocrx_word' id='word_1_180' title='bbox 1033 2710 1136 2765; x_wconf 82' lang='lat' dir='ltr'><strong>est</strong></span> <span class='ocrx_word' id='word_1_181' title='bbox 1177 2702 1346 2765; x_wconf 86' lang='lat' dir='ltr'><strong>bene</strong></span> <span class='ocrx_word' id='word_1_182' title='bbox 1387 2704 1803 2767; x_wconf 88' lang='lat' dir='ltr'><strong>miseratione</strong></span> <span class='ocrx_word' id='word_1_183' title='bbox 1851 2702 2148 2786; x_wconf 82' lang='lat' dir='ltr'><strong>dignum,</strong></span> <span class='ocrx_word' id='word_1_184' title='bbox 2174 2699 2364 2784; x_wconf 80' lang='lat' dir='ltr'><strong>‘quod</strong></span> <span class='ocrx_word' id='word_1_185' title='bbox 2403 2699 2659 2766; x_wconf 80' lang='lat' dir='ltr'><strong>incolae</strong></span> <span class='ocrx_word' id='word_1_186' title='bbox 2699 2712 2914 2768; x_wconf 83' lang='lat' dir='ltr'><strong>tetrae</strong></span> 
     </span>
     <span class='ocr_line' id='line_1_23' title="bbox 571 2805 2911 2891; baseline 0 -22"><span class='ocrx_word' id='word_1_187' title='bbox 571 2805 785 2890; x_wconf 83' lang='lat' dir='ltr'><strong>iilius,</strong></span> <span class='ocrx_word' id='word_1_188' title='bbox 854 2807 924 2870; x_wconf 92' lang='lat' dir='ltr'><strong>in</strong></span> <span class='ocrx_word' id='word_1_189' title='bbox 989 2825 1119 2890; x_wconf 85' lang='lat' dir='ltr'><strong>qua</strong></span> <span class='ocrx_word' id='word_1_190' title='bbox 1181 2807 1535 2873; x_wconf 81' lang='lat' dir='ltr'><strong>crucifixus</strong></span> <span class='ocrx_word' id='word_1_191' title='bbox 1591 2817 1695 2872; x_wconf 85' lang='lat' dir='ltr'><strong>est</strong></span> <span class='ocrx_word' id='word_1_192' title='bbox 1754 2807 2104 2889; x_wconf 83' lang='lat' dir='ltr'><strong>Dominus,</strong></span> <span class='ocrx_word' id='word_1_193' title='bbox 2173 2808 2284 2891; x_wconf 85' lang='lat' dir='ltr'><strong>qui</strong></span> <span class='ocrx_word' id='word_1_194' title='bbox 2351 2823 2609 2871; x_wconf 88' lang='lat' dir='ltr'><strong>crucem</strong></span> <span class='ocrx_word' id='word_1_195' title='bbox 2666 2807 2911 2890; x_wconf 86' lang='lat' dir='ltr'><strong>colunt,</strong></span> 
     </span>
     <span class='ocr_line' id='line_1_24' title="bbox 571 2906 2914 2997; baseline -0 -21"><span class='ocrx_word' id='word_1_196' title='bbox 571 2912 916 2976; x_wconf 81' lang='lat' dir='ltr'><strong>manifeste</strong></span> <span class='ocrx_word' id='word_1_197' title='bbox 956 2912 1173 2976; x_wconf 86' lang='lat' dir='ltr'><strong>crucis</strong></span> <span class='ocrx_word' id='word_1_198' title='bbox 1212 2911 1473 2996; x_wconf 89' lang='lat' dir='ltr'><strong>signum</strong></span> <span class='ocrx_word' id='word_1_199' title='bbox 1523 2922 1781 2997; x_wconf 87' lang='lat' dir='ltr'><strong>portare</strong></span> <span class='ocrx_word' id='word_1_200' title='bbox 1821 2931 1949 2977; x_wconf 90' lang='lat' dir='ltr'><strong>non</strong></span> <span class='ocrx_word' id='word_1_201' title='bbox 1993 2910 2261 2994; x_wconf 85' lang='lat' dir='ltr'><strong>audent,</strong></span> <span class='ocrx_word' id='word_1_202' title='bbox 2304 2906 2457 2988; x_wconf 73' lang='grc'><strong>(88</strong></span> <span class='ocrx_word' id='word_1_203' title='bbox 2476 2911 2587 2994; x_wconf 77' lang='grc' dir='ltr'><strong>Δ)</strong></span> <span class='ocrx_word' id='word_1_204' title='bbox 2628 2912 2914 2996; x_wconf 86' lang='lat' dir='ltr'><strong>ignomi-</strong></span> 
     </span>
     <span class='ocr_line' id='line_1_25' title="bbox 568 3014 2911 3101; baseline 0.002 -23"><span class='ocrx_word' id='word_1_205' title='bbox 568 3017 756 3082; x_wconf 86' lang='lat' dir='ltr'><strong>niosa</strong></span> <span class='ocrx_word' id='word_1_206' title='bbox 796 3018 968 3080; x_wconf 89' lang='lat' dir='ltr'><strong>enim</strong></span> <span class='ocrx_word' id='word_1_207' title='bbox 1010 3025 1111 3078; x_wconf 82' lang='lat' dir='ltr'><strong>est</strong></span> <span class='ocrx_word' id='word_1_208' title='bbox 1152 3017 1220 3079; x_wconf 91' lang='lat' dir='ltr'><strong>in</strong></span> <span class='ocrx_word' id='word_1_209' title='bbox 1262 3026 1437 3082; x_wconf 86' lang='lat' dir='ltr'><strong>terra</strong></span> <span class='ocrx_word' id='word_1_210' title='bbox 1470 3018 1583 3082; x_wconf 88' lang='lat' dir='ltr'><strong>illa</strong></span> <span class='ocrx_word' id='word_1_211' title='bbox 1618 3019 1832 3082; x_wconf 85' lang='lat' dir='ltr'><strong>crucis</strong></span> <span class='ocrx_word' id='word_1_212' title='bbox 1873 3016 2084 3101; x_wconf 86' lang='lat' dir='ltr'><strong>gloria</strong></span> <span class='ocrx_word' id='word_1_213' title='bbox 2134 3024 2199 3078; x_wconf 86' lang='lat' dir='ltr'><strong>et</strong></span> <span class='ocrx_word' id='word_1_214' title='bbox 2241 3014 2489 3083; x_wconf 75' lang='lat' dir='ltr'><strong>odiosa.</strong></span> <span class='ocrx_word' id='word_1_215' title='bbox 2542 3016 2634 3080; x_wconf 75' lang='lat' dir='ltr'><strong>Et</strong></span> <span class='ocrx_word' id='word_1_216' title='bbox 2673 3016 2911 3082; x_wconf 82' lang='lat' dir='ltr'><strong>accidit</strong></span> 
     </span>
     <span class='ocr_line' id='line_1_26' title="bbox 566 3120 2907 3208; baseline 0.001 -22"><span class='ocrx_word' id='word_1_217' title='bbox 566 3127 837 3208; x_wconf 51' lang='lat' dir='ltr'><strong>§notae</strong></span> <span class='ocrx_word' id='word_1_218' title='bbox 877 3121 1057 3183; x_wconf 90' lang='lat' dir='ltr'><strong>cruci</strong></span> <span class='ocrx_word' id='word_1_219' title='bbox 1096 3120 1266 3183; x_wconf 84' lang='lat' dir='ltr'><strong>sicut</strong></span> <span class='ocrx_word' id='word_1_220' title='bbox 1305 3123 1556 3184; x_wconf 86' lang='lat' dir='ltr'><strong>sanctis</strong></span> <span class='ocrx_word' id='word_1_221' title='bbox 1593 3121 1926 3205; x_wconf 88' lang='lat' dir='ltr'><strong>prophetis</strong></span> <span class='ocrx_word' id='word_1_222' title='bbox 1939 3164 1961 3203; x_wconf 94' lang='lat'><strong>,</strong></span> <span class='ocrx_word' id='word_1_223' title='bbox 1987 3122 2100 3203; x_wconf 89' lang='lat' dir='ltr'><strong>qui</strong></span> <span class='ocrx_word' id='word_1_224' title='bbox 2122 3138 2253 3184; x_wconf 90' lang='lat' dir='ltr'><strong>non</strong></span> <span class='ocrx_word' id='word_1_225' title='bbox 2280 3129 2435 3188; x_wconf 81' lang='lat' dir='ltr'><strong>sunt</strong></span> <span class='ocrx_word' id='word_1_226' title='bbox 2461 3124 2607 3185; x_wconf 91' lang='lat' dir='ltr'><strong>sine</strong></span> <span class='ocrx_word' id='word_1_227' title='bbox 2642 3123 2907 3207; x_wconf 87' lang='lat' dir='ltr'><strong>honore,</strong></span> 
     </span>
     <span class='ocr_line' id='line_1_27' title="bbox 567 3223 2905 3307; baseline 0.002 -19"><span class='ocrx_word' id='word_1_228' title='bbox 567 3223 697 3288; x_wconf 76' lang='lat' dir='ltr'><strong>sisi</strong></span> <span class='ocrx_word' id='word_1_229' title='bbox 731 3224 802 3286; x_wconf 90' lang='lat' dir='ltr'><strong>in</strong></span> <span class='ocrx_word' id='word_1_230' title='bbox 843 3225 1054 3307; x_wconf 89' lang='lat' dir='ltr'><strong>patria</strong></span> <span class='ocrx_word' id='word_1_231' title='bbox 1106 3241 1248 3287; x_wconf 86' lang='lat' dir='ltr'><strong>sua.</strong></span> <span class='ocrx_word' id='word_1_232' title='bbox 1291 3226 1450 3288; x_wconf 88' lang='lat' dir='ltr'><strong>Luc.</strong></span> <span class='ocrx_word' id='word_1_233' title='bbox 1495 3227 1557 3289; x_wconf 81' lang='lat'><strong>4.</strong></span> <span class='ocrx_word' id='word_1_234' title='bbox 1645 3225 1761 3289; x_wconf 86' lang='lat' dir='ltr'><strong>Sic</strong></span> <span class='ocrx_word' id='word_1_235' title='bbox 1803 3244 1965 3289; x_wconf 84' lang='lat' dir='ltr'><strong>crux</strong></span> <span class='ocrx_word' id='word_1_236' title='bbox 2004 3233 2239 3289; x_wconf 87' lang='lat' dir='ltr'><strong>sancta</strong></span> <span class='ocrx_word' id='word_1_237' title='bbox 2278 3226 2348 3290; x_wconf 88' lang='lat' dir='ltr'><strong>in</strong></span> <span class='ocrx_word' id='word_1_238' title='bbox 2390 3242 2515 3294; x_wconf 82' lang='lat' dir='ltr'><strong>sua</strong></span> <span class='ocrx_word' id='word_1_239' title='bbox 2554 3235 2732 3291; x_wconf 85' lang='lat' dir='ltr'><strong>terra</strong></span> <span class='ocrx_word' id='word_1_240' title='bbox 2772 3248 2905 3293; x_wconf 90' lang='lat' dir='ltr'><strong>non</strong></span> 
     </span>
     <span class='ocr_line' id='line_1_28' title="bbox 567 3327 2907 3415; baseline 0.001 -22"><span class='ocrx_word' id='word_1_241' title='bbox 567 3327 767 3393; x_wconf 78' lang='lat' dir='ltr'><strong>habet</strong></span> <span class='ocrx_word' id='word_1_242' title='bbox 819 3327 1170 3412; x_wconf 83' lang='lat' dir='ltr'><strong>honorem,</strong></span> <span class='ocrx_word' id='word_1_243' title='bbox 1233 3347 1359 3392; x_wconf 90' lang='lat' dir='ltr'><strong>nec</strong></span> <span class='ocrx_word' id='word_1_244' title='bbox 1414 3338 1517 3392; x_wconf 87' lang='lat' dir='ltr'><strong>est</strong></span> <span class='ocrx_word' id='word_1_245' title='bbox 1580 3339 1884 3415; x_wconf 84' lang='lat' dir='ltr'><strong>accepta,</strong></span> <span class='ocrx_word' id='word_1_246' title='bbox 1951 3328 2073 3392; x_wconf 85' lang='lat' dir='ltr'><strong>sed</strong></span> <span class='ocrx_word' id='word_1_247' title='bbox 2136 3331 2466 3415; x_wconf 86' lang='lat' dir='ltr'><strong>peregrini</strong></span> <span class='ocrx_word' id='word_1_248' title='bbox 2516 3331 2600 3396; x_wconf 86' lang='lat' dir='ltr'><strong>de</strong></span> <span class='ocrx_word' id='word_1_249' title='bbox 2661 3331 2907 3397; x_wconf 84' lang='lat' dir='ltr'><strong>ultimis</strong></span> 
     </span>
     <span class='ocr_line' id='line_1_29' title="bbox 565 3431 2903 3523; baseline 0.002 -23"><span class='ocrx_word' id='word_1_250' title='bbox 565 3431 804 3500; x_wconf 70' lang='lat' dir='ltr'><strong>fluibus</strong></span> <span class='ocrx_word' id='word_1_251' title='bbox 846 3440 1063 3498; x_wconf 89' lang='lat' dir='ltr'><strong>terrae</strong></span> <span class='ocrx_word' id='word_1_252' title='bbox 1102 3435 1448 3498; x_wconf 82' lang='lat' dir='ltr'><strong>venientes</strong></span> <span class='ocrx_word' id='word_1_253' title='bbox 1490 3434 1840 3499; x_wconf 81' lang='lat' dir='ltr'><strong>manifeste</strong></span> <span class='ocrx_word' id='word_1_254' title='bbox 1879 3435 2340 3500; x_wconf 81' lang='lat' dir='ltr'><strong>circumferunt</strong></span> <span class='ocrx_word' id='word_1_255' title='bbox 2378 3437 2638 3522; x_wconf 81' lang='lat' dir='ltr'><strong>signum</strong></span> <span class='ocrx_word' id='word_1_256' title='bbox 2667 3439 2903 3523; x_wconf 85' lang='lat' dir='ltr'><strong>crucis,</strong></span> 
     </span>
     <span class='ocr_line' id='line_1_30' title="bbox 565 3535 2904 3625; baseline 0.003 -25"><span class='ocrx_word' id='word_1_257' title='bbox 565 3535 721 3622; x_wconf 73' lang='lat' dir='ltr'><strong>qnia</strong></span> <span class='ocrx_word' id='word_1_258' title='bbox 761 3537 933 3621; x_wconf 78' lang='lat' dir='ltr'><strong>apud</strong></span> <span class='ocrx_word' id='word_1_259' title='bbox 973 3557 1090 3603; x_wconf 90' lang='lat' dir='ltr'><strong>eos</strong></span> <span class='ocrx_word' id='word_1_260' title='bbox 1130 3548 1519 3606; x_wconf 79' lang='lat' dir='ltr'><strong>evacuatum</strong></span> <span class='ocrx_word' id='word_1_261' title='bbox 1562 3548 1669 3603; x_wconf 89' lang='lat' dir='ltr'><strong>est</strong></span> <span class='ocrx_word' id='word_1_262' title='bbox 1706 3538 2085 3606; x_wconf 84' lang='lat' dir='ltr'><strong>scandalum</strong></span> <span class='ocrx_word' id='word_1_263' title='bbox 2128 3543 2361 3607; x_wconf 87' lang='lat' dir='ltr'><strong>crucis.</strong></span> <span class='ocrx_word' id='word_1_264' title='bbox 2445 3544 2654 3625; x_wconf 84' lang='lat' dir='ltr'><strong>Igitur</strong></span> <span class='ocrx_word' id='word_1_265' title='bbox 2694 3544 2904 3609; x_wconf 88' lang='lat' dir='ltr'><strong>turbis</strong></span> 
     </span>
     <span class='ocr_line' id='line_1_31' title="bbox 563 3642 2903 3730; baseline 0.002 -23"><span class='ocrx_word' id='word_1_266' title='bbox 563 3642 1065 3725; x_wconf 80' lang='lat' dir='ltr'><strong>procedentibus</strong></span> <span class='ocrx_word' id='word_1_267' title='bbox 1128 3654 1384 3711; x_wconf 89' lang='lat' dir='ltr'><strong>amotus</strong></span> <span class='ocrx_word' id='word_1_268' title='bbox 1425 3644 1518 3709; x_wconf 88' lang='lat' dir='ltr'><strong>fui</strong></span> <span class='ocrx_word' id='word_1_269' title='bbox 1566 3662 1609 3708; x_wconf 95' lang='lat' dir='ltr'><strong>a</strong></span> <span class='ocrx_word' id='word_1_270' title='bbox 1650 3644 1829 3730; x_wconf 88' lang='lat' dir='ltr'><strong>loco,</strong></span> <span class='ocrx_word' id='word_1_271' title='bbox 1883 3655 1950 3709; x_wconf 88' lang='lat' dir='ltr'><strong>et</strong></span> <span class='ocrx_word' id='word_1_272' title='bbox 1991 3655 2177 3711; x_wconf 87' lang='lat' dir='ltr'><strong>extra</strong></span> <span class='ocrx_word' id='word_1_273' title='bbox 2229 3648 2454 3712; x_wconf 88' lang='lat' dir='ltr'><strong>urbem</strong></span> <span class='ocrx_word' id='word_1_274' title='bbox 2495 3649 2795 3712; x_wconf 85' lang='lat' dir='ltr'><strong>venimus</strong></span> <span class='ocrx_word' id='word_1_275' title='bbox 2837 3658 2903 3712; x_wconf 87' lang='lat' dir='ltr'><strong>et</strong></span> 
     </span>
     <span class='ocr_line' id='line_1_32' title="bbox 559 3747 2903 3836; baseline 0.002 -22"><span class='ocrx_word' id='word_1_276' title='bbox 559 3747 630 3814; x_wconf 75' lang='lat' dir='ltr'><strong>in</strong></span> <span class='ocrx_word' id='word_1_277' title='bbox 669 3764 899 3832; x_wconf 82' lang='lat' dir='ltr'><strong>campo</strong></span> <span class='ocrx_word' id='word_1_278' title='bbox 932 3769 1198 3835; x_wconf 87' lang='lat' dir='ltr'><strong>gregem</strong></span> <span class='ocrx_word' id='word_1_279' title='bbox 1242 3752 1569 3815; x_wconf 83' lang='lat' dir='ltr'><strong>asinorum</strong></span> <span class='ocrx_word' id='word_1_280' title='bbox 1610 3760 1974 3816; x_wconf 88' lang='lat' dir='ltr'><strong>nostrorum</strong></span> <span class='ocrx_word' id='word_1_281' title='bbox 2018 3752 2373 3836; x_wconf 85' lang='lat' dir='ltr'><strong>reperimus</strong></span> <span class='ocrx_word' id='word_1_282' title='bbox 2413 3769 2560 3816; x_wconf 88' lang='lat' dir='ltr'><strong>cum</strong></span> <span class='ocrx_word' id='word_1_283' title='bbox 2602 3754 2903 3818; x_wconf 84' lang='lat' dir='ltr'><strong>asinariis</strong></span> 
     </span>
     <span class='ocr_line' id='line_1_33' title="bbox 560 3854 2905 3938; baseline 0.001 -18"><span class='ocrx_word' id='word_1_284' title='bbox 560 3854 803 3920; x_wconf 79' lang='lat' dir='ltr'><strong>nostris</strong></span> <span class='ocrx_word' id='word_1_285' title='bbox 816 3899 837 3937; x_wconf 91' lang='lat'>‚</span> <span class='ocrx_word' id='word_1_286' title='bbox 901 3863 969 3917; x_wconf 90' lang='lat' dir='ltr'><strong>et</strong></span> <span class='ocrx_word' id='word_1_287' title='bbox 1009 3855 1201 3938; x_wconf 70' lang='lat' dir='ltr'><strong>Juxta</strong></span> <span class='ocrx_word' id='word_1_288' title='bbox 1240 3872 1511 3938; x_wconf 84' lang='lat' dir='ltr'><strong>gregem</strong></span> <span class='ocrx_word' id='word_1_289' title='bbox 1561 3857 1917 3921; x_wconf 82' lang='lat' dir='ltr'><strong>exercitum</strong></span> <span class='ocrx_word' id='word_1_290' title='bbox 1962 3855 2472 3922; x_wconf 86' lang='lat' dir='ltr'><strong>Sarracenorum</strong></span> <span class='ocrx_word' id='word_1_291' title='bbox 2533 3857 2905 3923; x_wconf 83' lang='lat' dir='ltr'><strong>conducere</strong></span> 
     </span>
     <span class='ocr_line' id='line_1_34' title="bbox 563 3959 2917 4048; baseline 0.004 -29"><span class='ocrx_word' id='word_1_292' title='bbox 563 3964 631 4020; x_wconf 93' lang='lat' dir='ltr'><strong>et</strong></span> <span class='ocrx_word' id='word_1_293' title='bbox 669 3966 1014 4041; x_wconf 87' lang='lat' dir='ltr'><strong>protegere</strong></span> <span class='ocrx_word' id='word_1_294' title='bbox 1054 3960 1124 4022; x_wconf 89' lang='lat' dir='ltr'><strong>in</strong></span> <span class='ocrx_word' id='word_1_295' title='bbox 1158 3960 1393 4023; x_wconf 86' lang='lat' dir='ltr'><strong>itinere</strong></span> <span class='ocrx_word' id='word_1_296' title='bbox 1421 3977 1543 4025; x_wconf 88' lang='lat' dir='ltr'><strong>nos</strong></span> <span class='ocrx_word' id='word_1_297' title='bbox 1569 3959 1945 4025; x_wconf 81' lang='lat' dir='ltr'><strong>volentium.</strong></span> <span class='ocrx_word' id='word_1_298' title='bbox 1987 3961 2424 4030; x_wconf 79' lang='lat' dir='ltr'><strong>Ascendimus</strong></span> <span class='ocrx_word' id='word_1_299' title='bbox 2454 3980 2612 4048; x_wconf 85' lang='lat' dir='ltr'><strong>ergo</strong></span> <span class='ocrx_word' id='word_1_300' title='bbox 2650 3964 2917 4029; x_wconf 84' lang='lat' dir='ltr'><strong>bestias·</strong></span> 
     </span>
     <span class='ocr_line' id='line_1_35' title="bbox 560 4063 2897 4153; baseline 0.003 -28"><span class='ocrx_word' id='word_1_301' title='bbox 560 4069 634 4125; x_wconf 88' lang='lat' dir='ltr'><strong>et</strong></span> <span class='ocrx_word' id='word_1_302' title='bbox 665 4079 816 4126; x_wconf 80' lang='lat' dir='ltr'><strong>eum</strong></span> <span class='ocrx_word' id='word_1_303' title='bbox 859 4079 1098 4147; x_wconf 79' lang='lat' dir='ltr'><strong>magne</strong></span> <span class='ocrx_word' id='word_1_304' title='bbox 1136 4063 1513 4134; x_wconf 79' lang='lat' dir='ltr'><strong>festinantia</strong></span> <span class='ocrx_word' id='word_1_305' title='bbox 1563 4073 1793 4129; x_wconf 91' lang='lat' dir='ltr'><strong>contra</strong></span> <span class='ocrx_word' id='word_1_306' title='bbox 1838 4074 2148 4131; x_wconf 87' lang='lat' dir='ltr'><strong>montana</strong></span> <span class='ocrx_word' id='word_1_307' title='bbox 2187 4071 2666 4153; x_wconf 80' lang='lat' dir='ltr'><strong>processimus,</strong></span> <span class='ocrx_word' id='word_1_308' title='bbox 2720 4076 2788 4132; x_wconf 80' lang='lat' dir='ltr'><strong>et</strong></span> <span class='ocrx_word' id='word_1_309' title='bbox 2827 4068 2897 4131; x_wconf 91' lang='lat' dir='ltr'><strong>in</strong></span> 
     </span>
     <span class='ocr_line' id='line_1_36' title="bbox 559 4167 2897 4260; baseline 0.004 -27"><span class='ocrx_word' id='word_1_310' title='bbox 559 4183 790 4251; x_wconf 80' lang='lat' dir='ltr'><strong>agrum</strong></span> <span class='ocrx_word' id='word_1_311' title='bbox 850 4168 1101 4236; x_wconf 79' lang='lat' dir='ltr'><strong>Josuae</strong></span> <span class='ocrx_word' id='word_1_312' title='bbox 1147 4167 1344 4250; x_wconf 80' lang='lat' dir='ltr'><strong>juxta</strong></span> <span class='ocrx_word' id='word_1_313' title='bbox 1394 4170 1789 4238; x_wconf 77' lang='lat' dir='ltr'><strong>Bethsames</strong></span> <span class='ocrx_word' id='word_1_314' title='bbox 1842 4169 2147 4256; x_wconf 82' lang='lat' dir='ltr'><strong>oppidum</strong></span> <span class='ocrx_word' id='word_1_315' title='bbox 2208 4176 2558 4258; x_wconf 83' lang='lat' dir='ltr'><strong>venimus,</strong></span> <span class='ocrx_word' id='word_1_316' title='bbox 2632 4189 2704 4242; x_wconf 85' lang='lat' dir='ltr'><strong>m</strong></span> <span class='ocrx_word' id='word_1_317' title='bbox 2763 4190 2897 4260; x_wconf 77' lang='lat' dir='ltr'><strong>qno</strong></span> 
     </span>
     <span class='ocr_line' id='line_1_37' title="bbox 557 4271 2897 4368; baseline 0.004 -33"><span class='ocrx_word' id='word_1_318' title='bbox 557 4290 742 4359; x_wconf 80' lang='lat' dir='ltr'><strong>agro,</strong></span> <span class='ocrx_word' id='word_1_319' title='bbox 757 4271 1056 4360; x_wconf 76' lang='lat' dir='ltr'><strong>percussi</strong></span> <span class='ocrx_word' id='word_1_320' title='bbox 1113 4273 1371 4339; x_wconf 83' lang='lat' dir='ltr'><strong>fuerunt</strong></span> <span class='ocrx_word' id='word_1_321' title='bbox 1426 4275 1896 4366; x_wconf 76' lang='lat' dir='ltr'><strong>quinquaginta</strong></span> <span class='ocrx_word' id='word_1_322' title='bbox 1955 4277 2132 4368; x_wconf 75' lang='lat' dir='ltr'><strong>milia</strong></span> <span class='ocrx_word' id='word_1_323' title='bbox 2186 4278 2554 4364; x_wconf 75' lang='lat' dir='ltr'><strong>homiuum,</strong></span> <span class='ocrx_word' id='word_1_324' title='bbox 2616 4298 2734 4364; x_wconf 86' lang='lat' dir='ltr'><strong>pro</strong></span> <span class='ocrx_word' id='word_1_325' title='bbox 2792 4296 2897 4362; x_wconf 82' lang='lat' dir='ltr'><strong>eo,</strong></span> 
     </span>
     <span class='ocr_line' id='line_1_38' title="bbox 557 4357 2919 4474; baseline 0.003 -32"><span class='ocrx_word' id='word_1_326' title='bbox 557 4381 712 4462; x_wconf 84' lang='lat' dir='ltr'><strong>quia</strong></span> <span class='ocrx_word' id='word_1_327' title='bbox 770 4397 985 4445; x_wconf 75' lang='lat' dir='ltr'><strong>arcam</strong></span> <span class='ocrx_word' id='word_1_328' title='bbox 1035 4377 1295 4446; x_wconf 84' lang='lat' dir='ltr'><strong>Domini</strong></span> <span class='ocrx_word' id='word_1_329' title='bbox 1343 4378 1436 4444; x_wconf 86' lang='lat' dir='ltr'><strong>ibi</strong></span> <span class='ocrx_word' id='word_1_330' title='bbox 1485 4389 1768 4470; x_wconf 81' lang='lat' dir='ltr'><strong>stantem</strong></span> <span class='ocrx_word' id='word_1_331' title='bbox 1822 4357 2158 4468; x_wconf 76' lang='lat' dir='ltr'><strong>viderunt,</strong></span> <span class='ocrx_word' id='word_1_332' title='bbox 2223 4393 2298 4448; x_wconf 89' lang='lat' dir='ltr'><strong>ut</strong></span> <span class='ocrx_word' id='word_1_333' title='bbox 2340 4383 2573 4452; x_wconf 83' lang='lat' dir='ltr'><strong>dicitur</strong></span> <span class='ocrx_word' id='word_1_334' title='bbox 2620 4386 2676 4449; x_wconf 86' lang='lat'><strong>1.</strong></span> <span class='ocrx_word' id='word_1_335' title='bbox 2718 4382 2919 4474; x_wconf 72' lang='lat' dir='ltr'><strong>neg..</strong></span> 
     </span>
    </p>
   </div>
   <div class='ocr_carea' id='block_1_3' title="bbox 3228 2499 3237 3130">
    <p class='ocr_par' dir='ltr' id='par_1_3' title="bbox 3228 2499 3237 3130">
     <span class='ocr_line' id='line_1_39' title="bbox 3228 2499 3237 3130; baseline 0 0"><span class='ocrx_word' id='word_1_336' title='bbox 3228 2499 3237 3130; x_wconf 95' lang='lat' dir='ltr'><strong> </strong></span> 
     </span>
    </p>
   </div>
  </div>
 </body>
</html>
