3242 5259
1395 348 1400 357 .
1449 288 1587 355 4oe

350 471 734 547 sanctuario
767 477 872 534 est
909 486 1237 547 *ascensus
1280 488 1398 552 per
1436 467 1680 552 gradus
1741 467 1826 533 ad
1884 485 2204 534 summum
2266 473 2495 537 altare.
2582 473 2691 538 Ad

351 578 696 658 utrumque
737 573 909 639 latus
953 576 1134 638 chori
1178 583 1330 638 sunt
1369 573 1683 657 capellae,
1730 582 1797 635 et
1838 576 1905 638 in
1948 583 2224 660 utroque
2267 577 2470 655 latere
2496 580 2691 643 navis

350 691 506 746 sunt
549 679 831 744 absides.
916 679 1001 743 Et
1041 681 1164 742 sub
1200 679 1397 743 choro
1441 688 1541 742 est
1579 687 1811 762 crypta
1834 680 2193 744 nativitatis
2208 679 2468 745 Domini
2500 686 2689 767 quasi

353 786 437 850 ad
475 784 941 868 longitudinem
987 785 1184 848 chori.
1265 783 1350 846 Et
1405 783 1528 847 sub
1584 801 1835 846 summo
1884 783 2070 847 altari
2126 793 2229 848 est
2271 795 2458 870 petra
2502 794 2689 872 cava,

350 892 419 954 in
463 908 593 972 qua
633 897 827 953 natus
869 897 971 951 est
1014 887 1339 957 Christus.
1426 887 1531 951 Ad
1574 887 1752 951 illam
1794 897 2089 970 cryptam
2132 898 2286 952 sunt
2330 889 2458 955 duo
2496 892 2687 976 ostia,

352 996 626 1077 primum
663 993 752 1056 ad
795 993 969 1057 latus
1017 992 1356 1075 dextrum,
1422 992 1505 1056 de
1543 990 1796 1074 capella
1851 992 2359 1060 circumcisionis
2398 994 2686 1078 Domini3

350 1098 708 1163 secundum
751 1097 834 1161 de
876 1097 1131 1180 capella
1175 1098 1424 1161 sinistri
1447 1097 1711 1179 lateris,
1755 1105 1821 1159 et
1862 1106 1965 1159 est
1994 1096 2355 1161 descensus
2395 1100 2464 1161 in
2487 1114 2689 1183 cryp-

350 1213 481 1267 tam
524 1221 642 1287 per
683 1202 928 1285 gradus
970 1202 1275 1266 sedecim.
1361 1201 1632 1264 'l'ectum
1697 1202 1892 1263 habet
1937 1199 2196 1284 plumbo
2241 1202 2518 1285 factum,
2562 1220 2689 1266 uec

351 1316 456 1381 est
501 1305 935 1389 testudinata,
984 1306 1156 1370 sicut
1199 1324 1324 1369 nec
1373 1304 2130 1387 ecclesiaevprinctpales
2171 1308 2239 1368 in
2283 1305 2492 1371 Roma
2531 1302 2689 1373 sunt

352 1409 805 1494 testudineum,
849 1419 916 1472 et
958 1411 1155 1475 habet
1197 1410 1459 1474 chorum
1505 1408 1877 1490 rotundum,
1924 1410 2184 1491 plenum
2231 1411 2536 1476 fenestris
2559 1420 2597 1495 ‚'
2619 1420 2686 1475 et

351 1516 690 1579 transitum
732 1517 813 1577 ab
857 1522 1045 1577 extra
1062 1530 1265 1596 supra
1305 1513 1652 1577 fenestras.
1737 1513 1822 1575 Et
1849 1514 2041 1575 navis
2083 1514 2165 1576 ab
2195 1520 2469 1603 utraque
2497 1524 2686 1600 parte

343 1621 546 1691 habet
588 1620 908 1682 fenestras
949 1616 1280 1700 plurimas,
1324 1626 1390 1679 et
1434 1626 1536 1680 est
1578 1613 1861 1679 ecclesia
1916 1616 2132 1681 lucida
2173 1627 2240 1682 et
2305 1620 2500 1684 claras
2598 1622 2687 1684 nt

349 1727 516 1791 haec
577 1731 681 1788 est
748 1721 1075 1806 generalis
1136 1712 1458 1786 eeclesiae
1520 1721 1695 1785 illius
1771 1719 2128 1803 dispositio.
2268 1725 2344 1786 In
2409 1724 2680 1808 speciali

349 1829 632 1893 ecclesia
673 1828 784 1891 illa
816 1825 1099 1889 habetin
1137 1826 1545 1910 longitudine
1585 1842 1825 1909 passus
1846 1825 2195 1908 XXXVII,
2237 1827 2303 1891 in
2346 1827 2683 1894 latitudine

346 1953 506 1998 vero
547 1933 792 1997 XVIII.
879 1932 967 1994 Et
1008 1931 1203 1996 hahet
1246 1940 1522 2017 quatuor
1561 1932 1824 1996 ordines
1868 1931 2297 2015 pretfosarum
2347 1932 2684 1997 columna—

348 2058 507 2121 rum,
549 2057 719 2122 quae
763 2053 1041 2119 magnae
1081 2045 1234 2100 sunt
1279 2045 1346 2100 et
1385 2036 1593 2120 altae,
1657 2046 1724 2100 et
1786 2035 2110 2118 quaelibet
2177 2056 2296 2119 per
2335 2055 2412 2100 se
2455 2049 2555 2102 est
2599 2036 2683 2101 de

323 2152 478 2205 ‘uno
519 2144 773 2223 integro
818 2148 884 2202 et
917 2139 1200 2204 indiviso
1245 2140 1489 2224 lapide,
1511 2140 1677 2227 'oleo
1718 2139 1978 2223 politae,
2016 2139 2187 2228 quod
2234 2127 2682 2225 homo‘potest

345 2246 415 2309 in
466 2245 564 2308 eis
606 2244 853 2309 vultum
897 2261 1082 2307 suum
1127 2262 1429 2326 cernere,
1464 2244 1640 2307 sicut
1687 2245 1754 2307 in
1814 2244 2106 2326 speculo.
2190 2246 2290 2306 Ita
2353 2246 2548 2329 etiam
2613 2246 2678 2308 in

347 2348 586 2411 tabulis
626 2349 1020 2412 marmoreiis
1060 2348 1318 2431 politis,
1362 2349 1597 2432 quibus
1633 2356 1788 2412 sunt
1842 2348 2126 2431 parietes
2188 2349 2445 2432 vestiti,
2508 2367 2679 2433 quae

345 2453 438 2515 ita
478 2451 755 2515 mundae
796 2462 968 2535 sunt,
1015 2452 1188 2536 quod
1230 2445 1421 2517 homo
1464 2454 1533 2514 in
1575 2453 1674 2515 eis
1713 2459 1931 2534 potest
1971 2451 2197 2516 videre
2227 2457 2464 2536 omnia,
2508 2472 2677 2538 quae

347 2563 500 2618 sunt
542 2556 608 2618 in
649 2557 953 2639 ecclesia,
996 2557 1237 2621 clarius
1279 2576 1475 2642 quam
1517 2558 1585 2622 in
1619 2559 1797 2620 bono
1818 2556 2109 2640 speculo.
2197 2555 2478 2636 Quilibet
2522 2559 2677 2624 ordo

348 2658 782 2723 columnarum
822 2662 1018 2725 habet
1059 2663 1188 2725 ΧΠ
1230 2662 1588 2745 columnas‚·
1622 2671 1690 2724 et
1731 2661 2058 2744 quaelibet
2097 2662 2396 2743 columna
2438 2658 2678 2748 passus

347 2763 479 2826 vn
520 2763 721 2828 distat
761 2766 843 2827 ab
902 2764 1138 2848 altera,
1195 2773 1262 2828 et
1302 2767 1370 2828 in
1413 2774 1548 2832 toto
1589 2774 1744 2829 sunt
1793 2766 2130 2830 columnae
2172 2748 2678 2851 pretiosissimae

348 2867 538 2930 Lxx
630 2868 986 2932 secundum
1066 2877 1426 2933 structurae
1510 2870 1956 2957 indigentiam.
2101 2869 2315 2955 Super
2374 2870 2678 2955 capitella

345 2971 983 3036 columnarum-sunt
1018 2973 1237 3037 trabes
1258 2975 1452 3056 positi
1474 2973 1557 3037 de
1588 2974 1787 3057 lignis
1819 2974 2336 3060 imputribilibus,
2371 2994 2411 3038 a
2438 2977 2674 3060 quibus

343 3077 681 3158 consurgit
723 3095 943 3141 murus
983 3095 1240 3142 sursum
1283 3093 1494 3162 usque
1538 3078 1619 3142 ad
1661 3088 1903 3144 tectum
1938 3081 2021 3145 ab
2053 3090 2325 3167 utraque
2353 3092 2559 3167 parte,
2607 3090 2676 3146 et

342 3198 567 3244 murus
607 3180 721 3249 ille
762 3202 799 3244 ι
843 3178 1159 3246 columnis
1200 3200 1413 3267 usqne
1455 3183 1537 3247 ad
1582 3184 1908 3268 fenestras
1959 3193 2062 3249 est
2105 3205 2234 3250 non
2277 3184 2360 3249 de
2400 3188 2673 3272 pictura,

328 3283 460 3355 ‚sed
483 3283 566 3348 de
596 3284 835 3369 lasura,
877 3296 944 3350 et
974 3306 1172 3370 opere
1205 3291 1493 3353 musaico
1517 3290 1790 3354 mirabili
1827 3300 1964 3353 orte
1997 3299 2265 3353 umatus
2291 3290 2371 3357 ab
2399 3299 2674 3373 utraque

231 3434 242 3447 .
342 3399 548 3473 parte,
589 3392 763 3454 sicut
805 3390 1087 3453 ecclesia
1123 3390 1193 3453 S.
1216 3391 1425 3456 Marci
1449 3393 1768 3475 venetiis,
1812 3411 1960 3457 cum
2000 3395 2229 3476 figuris
2270 3394 2426 3456 novi
2462 3398 2674 3455 testa-

343 3494 540 3559 menti
593 3502 676 3557 et·
705 3493 1187 3558 concordandis
1227 3495 1574 3576 figurarum
1633 3497 1883 3560 veteris
1924 3495 2360 3576 Testamenti,
2414 3503 2480 3558 et
2537 3501 2673 3557 teta

343 3600 629 3663 ecclesia
665 3601 732 3661 in
774 3596 1073 3660 omuibus
1114 3598 1468 3678 parietibus
1508 3599 1616 3662 vel
1659 3608 1760 3662 est
1805 3616 2120 3661 marmore
2160 3597 2435 3662 candido
2467 3597 2671 3682 polito

338 3713 521 3771 tecta
560 3704 671 3769 vel
714 3719 912 3784 opere
953 3700 1245 3763 musaico
1291 3699 1612 3765 decorata.
1699 3702 1914 3786 Super
1947 3703 2160 3766 omnia
2182 3710 2393 3765 autem
2428 3718 2671 3786 specus

339 3806 701 3873 nativitatis
767 3806 1002 3869 subtus
1075 3802 1342 3867 chorum
1421 3812 1528 3868 est
1593 3806 2081 3887 pretiosissimis
2149 3806 2541 3888 pavimentis
2603 3817 2671 3870 et

337 3911 717 3977 tabulaturis
758 3917 1024 3973 ornatus
1065 3916 1133 3971 et
1166 3908 1436 3991 picturis
1478 3907 1683 3987 (1¹79
1724 3911 1849 3988 A).
1940 3910 2025 3972 Et
2080 3910 2148 3973 in
2202 3910 2307 3974 his
2369 3912 2669 3975 omuibus

336 4025 564 4081 sancta
606 4015 887 4079 foemina
927 4008 1123 4076 nullis
1164 4012 1475 4097 expensis
1515 4016 1824 4097 pepercit,
1868 4011 1984 4075 sed
2026 4012 2485 4078 liberalissime
2504 4033 2669 4079 con-

336 4119 578 4187 tribuit.
663 4118 941 4202 Propter
980 4118 1106 4182 hoc
1144 4116 1380 4184 Judaei
1424 4116 1710 4182 derisive
1750 4117 2163 4181 nominabant
2205 4117 2277 4182 S.
2322 4119 2664 4187 foeminam

337 4222 749 4285 stabulm-iam
769 4268 789 4306 ‚
853 4242 965 4307 eo,
1027 4222 1200 4305 quod
1264 4240 1463 4305 supra
1524 4220 1665 4285 vile
1723 4220 2045 4284 stabulum
2107 4228 2243 4285 tam
2310 4226 2664 4306 pretiosum

337 4323 542 4388 erexit
581 4324 958 4417 aedificium.
1047 4327 1339 4411 Cumque
1368 4335 1597 4391 sancta
1626 4325 1906 4390 foemina
1930 4342 2095 4409 opus
2123 4335 2660 4409 consummasset,
