3242 5259
1641 339 1765 406 1⁵76

392 598 421 621 ,
532 526 814 613 foemina
852 538 1131 592 crucem.
1218 521 1331 585 111.
1374 518 1526 585 Hoc
1581 520 1740 586 fecit
1795 540 1915 607 pro
1972 519 2317 587 devotione
2369 524 2872 610 peregrinorum.

529 628 701 692 Nam
758 627 1246 711 peregrinantes
1301 626 1382 690 ad
1449 634 1682 689 terram
1749 636 2040 691 sanctam
2128 627 2335 711 ipsam
2405 638 2636 694 terram
2720 632 2875 697 totis

529 732 925 817 praecordiis
977 733 1246 817 cupiunt
1300 729 1562 814 videre,
1620 739 1689 794 et
1729 742 1971 815 quanto
2038 735 2100 797 ei
2141 732 2635 818 propinquiores
2692 737 2873 822 flunt,

531 846 709 901 tauto
753 838 960 922 magis
1020 837 1250 902 videre
1303 854 1447 901 eam
1508 837 2003 920 concupiscunt.
2086 841 2167 903 In
2205 840 2333 905 hoc
2389 850 2602 906 autem
2655 853 2874 907 monte

531 951 832 1007 serenato
899 945 1047 1008 aere
1100 942 1361 1007 videtur
1429 950 1634 1006 terrra
1692 952 1935 1008 sancta.
2032 942 2188 1007 Ideo
2250 946 2576 1030 peregrini
2631 949 2875 1032 antiqui

540 1047 916 1133 frequenter
973 1050 1042 1112 in
1104 1067 1253 1111 eum
1321 1047 1756 1113 ascenderunt
1835 1047 1918 1111 ad
1972 1047 2316 1114 videndam
2382 1049 2870 1115 desiderabilem

530 1153 703 1217 illam
746 1162 996 1216 terram.
1084 1151 1490 1237 Quapropter
1530 1152 1772 1217 Sancta
1819 1152 2076 1218 Helena
2130 1155 2260 1218 huc
2327 1171 2587 1220 crucem
2632 1157 2873 1239 posuit,

531 1268 601 1323 et
653 1258 1107 1323 monasterium
1180 1257 1573 1342 construxit,
1652 1278 1771 1342 pro
1837 1260 2323 1344 peregrinorum
2406 1258 2754 1325 devotione
2807 1269 2876 1324 et

534 1363 995 1429 consolatione.
1076 1363 1196 1427 IV.
1238 1362 1391 1427 Hoc
1449 1363 1607 1427 fecit
1662 1384 1780 1448 pro
1843 1384 2092 1430 morum
2146 1365 2574 1430 instructione
2626 1366 2694 1429 iu
2744 1365 2874 1431 hoc

533 1466 704 1534 facto
769 1468 1124 1533 ostendens
1136 1513 1158 1553 ,
1228 1467 1401 1553 quod
1446 1469 1814 1553 quicunque
1879 1487 2141 1534 crucem
2206 1470 2450 1536 Christi
2517 1471 2868 1555 perfectam

528 1576 706 1659 cupit
742 1573 1115 1659 ascendere,
1139 1582 1392 1658 oportet
1433 1592 1583 1638 eum
1627 1575 1811 1658 prius
1853 1591 2110 1638 crucem
2142 1577 2574 1660 poenitentiae
2609 1577 2876 1642 latronis

530 1696 884 1746 assumere.
970 1681 1179 1763 Igitur
1227 1698 1375 1743 cum
1416 1680 1486 1743 in
1531 1677 1814 1742 ecclesia
1869 1697 2168 1744 essemm
2243 1681 2566 1766 expediti,
2625 1685 2876 1767 egressi

528 1801 756 1849 mimus
824 1791 891 1847 et
954 1783 1383 1848 habitaculum
1459 1783 1773 1867 aspellam
1851 1784 2270 1870 intravimus,
2350 1796 2690 1872 sperantes
2753 1806 2876 1852 nos

530 1889 770 1973 aliquid
810 1908 929 1972 pro
984 1897 1208 1953 nostra
1268 1889 1738 1954 confortatione
1799 1892 2117 1954 invenire.
2203 1889 2340 1956 Sed
2405 1893 2708 1957 habitatio
2766 1892 2876 1955 illa

398 2036 409 2063 ι
532 2003 672 2058 erat
711 1994 923 2058 inanis
965 2002 1032 2056 et
1061 2011 1304 2076 vacua,
1337 2011 1462 2058 nec
1503 1994 1628 2058 fuit
1666 1995 1758 2059 ibi
1801 2014 1969 2080 aqua
2001 1995 2256 2080 frigida,
2294 2015 2420 2060 nec
2456 1999 2874 2082 paximacius,

410 2106 415 2165 ¹:
529 2096 689 2183 (08
710 2099 839 2185 Δ),
881 2117 1009 2163 nec
1041 2097 1214 2182 loqui
1263 2098 1453 2162 nobis
1493 2108 1777 2184 poterat,
1823 2102 1973 2186 quia
2012 2120 2216 2184 purus
2253 2098 2546 2166 Graecus
2591 2109 2765 2186 erat,
2808 2113 2875 2167 et

528 2204 795 2268 latinum
850 2213 987 2268 erat
1041 2204 1167 2267 sibi
1237 2204 1666 2287 barbaricum3
1735 2205 2022 2270 italicum
2098 2207 2459 2290 arabicum3
2543 2217 2611 2272 et
2678 2209 2873 2273 theu-'-

529 2306 809 2375 tonicam
866 2309 1271 2372 tartaricum:
1339 2316 1411 2371 et
1448 2309 1538 2373 ita
1579 2310 1729 2373 sine
1792 2311 2233 2376 consolatione
2284 2314 2646 2397 exivimus3
2691 2323 2758 2377 et
2797 2316 2869 2377 in

529 2414 878 2498 supercilio
920 2414 1158 2478 montis
1197 2412 1775 2500 deambulavimus‚
1811 2425 1878 2482 et
1919 2417 2223 2502 antiquas
2262 2420 2521 2502 spissas
2552 2439 2876 2484 murorum

531 2522 754 2585 ruinas
818 2519 908 2582 ibi
966 2519 1249 2584 vidimus
1291 2520 1375 2584 de
1433 2520 1674 2604 templo
1735 2520 2020 2586 Veneris
2089 2523 2370 2588 relictas.
2459 2519 2569 2584 Ad
2612 2539 2867 2584 omnem

529 2626 723 2690 etiam
764 2624 1025 2709 plagam
1085 2625 1688 2710 circumspicientes
1753 2625 1949 2710 longe
2011 2626 2273 2712 lateque
2325 2646 2444 2711 per
2484 2625 2764 2690 insulam
2807 2634 2876 2689 et

529 2749 710 2797 mare
748 2730 1050 2796 vidimus.
1136 2730 1276 2796 Sed
1328 2733 1512 2817 quia·
1533 2748 1694 2814 prae
1753 2731 1953 2794 nimio
2006 2741 2305 2798 caumate
2360 2741 2500 2796 erat
2556 2730 2878 2817 quodam-

531 2836 722 2903 modo
782 2839 898 2900 aer
955 2836 1358 2921 caliginosus
1421 2844 1487 2900 et
1553 2835 1940 2920 nebulosus,
2002 2847 2138 2902 'non
2201 2846 2570 2922 poteramus
2638 2846 2874 2900 terram

535 2949 834 3007 sanctam
875 2941 1133 3005 videre:
1175 2959 1300 3006 nec
1333 2951 1589 3006 montes
1635 2941 2023 3026 Armeniae,
2088 2961 2214 3007 nec
2255 2940 2712 3027 Cappadociae
2751 2958 2878 3005 nec

533 3045 959 3129 Coelesyriae
972 3092 996 3129 ,
1024 3056 1166 3110 ‘nec
1209 3043 1506 3111 Galileae
1520 3091 1542 3131 ,
1595 3064 1767 3130 quae
1808 3047 2031 3112 omnia
2089 3047 2516 3130 vidissemus,
2559 3045 2618 3108 si
2657 3047 2874 3108 aerem

535 3168 766 3234 purum
827 3150 1297 3215 habuissemus.
1383 3151 1509 3214 His
1549 3154 1834 3234 peractis
1887 3153 2171 3234 ingressi
2236 3168 2464 3215 sumus
2523 3150 2874 3214 ecclesiam

535 3264 603 3318 et
641 3253 928 3319 salutata
968 3271 1050 3319 ac
1093 3253 1471 3319 deosculata
1511 3263 1746 3320 sancta
1807 3275 2003 3321 cruce
2057 3254 2140 3319 de
2189 3263 2407 3320 monte
2449 3256 2670 3319 festini
2716 3253 2877 3318 des-

532 3358 876 3424 mndimus
925 3376 1138 3443 usque
1178 3357 1262 3423 ad
1305 3360 1557 3425 bestias
1617 3352 1879 3426 nost'fas
1893 3406 1916 3446 ,
1956 3370 2025 3426 et
2065 3362 2503 3445 equitavimus
2539 3363 2611 3423 in
2649 3359 2875 3425 villam

541 3463 829 3528 Sanctae
871 3463 1112 3528 Crucis
1153 3474 1219 3529 et
1237 3464 1575 3548 prandium
1611 3476 1905 3550 paratum
1952 3465 2322 3532 invenimus
2363 3467 2774 3552 adoptatum,
2809 3473 2878 3529 et

536 3588 688 3634 cum
729 3570 1079 3655 gratiarum
1122 3572 1379 3637 actione
1419 3571 1981 3639 manducavimus.
2065 3571 2270 3639 Porro
2314 3573 2625 3638 recedere
2655 3572 2874 3638 statim

537 3693 581 3739 a
634 3675 777 3739 loco
820 3694 953 3740 non
993 3684 1396 3760 poteramus,
1448 3677 1603 3761 quia
1648 3677 1844 3742 valde
1884 3677 2278 3765 incaluerat,
2334 3687 2402 3743 et
2447 3677 2548 3744 sol
2590 3687 2663 3743 ut
2701 3676 2875 3763 ignis

537 3779 820 3844 ardebat.
906 3780 1357 3846 Transivimus
1394 3780 1615 3873 ’autem'
1684 3786 1752 3848 iu
1793 3800 1990 3847 unam
2049 3784 2402 3849 ecclesiam
2455 3780 2875 3865 Graecorum,

534 3903 707 3969 quae
747 3893 888 3948 erat
927 3905 1129 3970 prope
1170 3887 1553 3972 hospitium,
1582 3870 1671 3953 'ut
1709 3888 1777 3952 in
1820 3905 1903 3952 ea
1941 3897 2094 3971 post
2133 3889 2486 3953 orationem
2544 3884 2876 3970 paululum

536 3993 606 4053 in
646 3993 873 4055 umbra
911 3995 1423 4075 quiesceremus.
1503 3992 1714 4057 Nobis
1755 3995 1826 4055 in
1867 4011 1950 4056 ea
1988 3990 2401 4076 sedentibus,
2454 3991 2639 4053 venit
2679 3985 2876 4051 cleri—

537 4112 658 4160 cus
697 4094 956 4180 quidam
971 4141 991 4180 ,
1034 4106 1101 4162 et
1141 4097 1340 4162 latina
1397 4097 1618 4180 lingua
1651 4095 1815 4159 dixit
1854 4095 2081 4160 nobis:
2146 4094 2322 4180 quid,
2364 4094 2594 4175 inquit,
2659 4090 2875 4154 facitis

542 4199 611 4263 in
652 4201 934 4266 ecclesia
972 4199 1264 4286 graeca?
1306 4202 1436 4267 Hic
1477 4218 1681 4284 prope
1723 4207 1828 4262 est
1877 4198 2005 4262 alia
2046 4199 2331 4264 ecclesia
2383 4196 2584 4260 latina
2624 4195 2709 4260 de
2749 4195 2875 4259 ritu

538 4314 795 4391 vestro,
836 4308 905 4377 in
950 4324 1080 4391 qua
1118 4325 1305 4370 orare
1345 4316 1412 4371 et
1441 4322 1722 4391 pausare
1772 4303 2043 4368 debetis.
2128 4301 2545 4368 surreximus
2587 4312 2767 4386 ergo,
2810 4309 2878 4364 et

535 4427 683 4475 cum
748 4429 827 4475 eo
884 4412 951 4474 iu
1012 4410 1356 4476 ecclesiam
1422 4411 1688 4475 latinam
1765 4410 2088 4477 ven‘imus.
2187 4407 2464 4476 Protulit
2521 4419 2738 4490 autem
2791 4426 2877 4471 ex
