3242 5259
8 964 13 1027 ‘¹‘
6 814 31 939 '‘N—

306 491 545 543 terram
584 484 878 541 sanctam
922 486 991 541 et
1031 479 1404 545 Ierusalem.
1494 476 1626 559 Qui
1664 483 1885 545 statim
1927 483 2073 546 sine
2134 486 2392 571 magnis
2429 489 2650 572 preci-3·

302 585 426 647 bus
467 601 577 646 me
618 582 979 647 licentiavit
1021 592 1086 647 et
1148 584 1401 648 literam
1485 586 1983 650 testimonialem
2045 589 2199 653 mihi
2262 592 2453 672 dedit,
2519 594 2646 659 sub

298 688 517 772 sigillo
562 686 832 771 ordinis,
875 689 941 751 in
984 706 1114 771 qua
1155 691 1350 752 etiam
1393 691 1735 775 prohibuit,
1775 710 1862 757 ue
1904 694 2051 775 quis
2086 713 2163 757 eo
2193 696 2455 762 inferior
2489 699 2646 767 mihi

298 797 367 860 iu
432 794 546 858 illa
605 795 1128 877 peregrinatione
1210 795 1736 877 impedimentum
1792 798 2222 880 quovismodo
2259 812 2642 884 praestaret.

303 900 589 965 Obtenta
621 918 778 983 ergo
807 899 1088 982 licentia,
1117 899 1415 982 gaudens
1442 900 1698 965 Ulmam
1737 902 1918 987 redii,
1956 914 2023 967 et
2063 904 2315 969 literam
2333 907 2642 991 Magistri

297 1006 620 1070 occultam
664 1008 861 1088 tenui,
905 1015 1160 1086 tempus
1202 1006 1559 1088 optativum
1597 1025 1743 1070 eam
1767 1008 2228 1073 manifestandi
2258 1023 2643 1095 exspectare

299 1112 555 1176 volens.
642 1111 802 1175 Post
871 1111 1037 1173 haec
1095 1129 1225 1173 non
1267 1110 1490 1174 multis
1533 1110 1762 1174 diebus
1824 1112 2070 1197 elapsis
2145 1116 2327 1179 venit
2387 1116 2642 1183 Ulmam

162 1230 171 1239 ·
298 1215 728 1282 Reverendus
771 1217 839 1279 in
868 1214 1132 1280 Christo
1152 1217 1467 1281 Dominus
1510 1216 1854 1281 Udalricus
1906 1215 2226 1304 Gislinus,
2266 1222 2638 1305 Episcopus

294 1323 744 1387 Adrimitanus
787 1330 852 1384 et
890 1320 1362 1405 Suffraganeus
1405 1322 1649 1386 domini
1687 1321 2170 1409 Augustensis,
2231 1327 2390 1390 mihi
2445 1336 2637 1390 notus

297 1439 363 1492 et
405 1429 755 1512 gratiosus,
797 1445 942 1489 cum
988 1446 1116 1511 quo
1159 1429 1353 1491 etiam
1395 1430 1574 1491 venit
1616 1426 1878 1511 quidam
1939 1426 2187 1491 Sacrae
2240 1430 2639 1514 'theologiae

292 1535 556 1616 Doctor,
581 1531 841 1595 Ordinis
871 1533 1203 1615 minorum,
1247 1534 1360 1615 qui
1389 1533 1665 1596 Romam
1707 1531 1889 1595 adire
1908 1532 2188 1616 volebat,
2233 1543 2300 1597 et
2342 1534 2634 1602 ordinem

291 1637 749 1723 Episcopalem
830 1637 1153 1721 recipere,
1234 1639 1385 1720 quia
1460 1636 1779 1700 Dominus
1847 1637 2213 1721 Episcopus
2277 1639 2634 1705 Frisiensis

294 1767 439 1810 eum
484 1750 930 1825 assumpserat
970 1743 1038 1804 in
1082 1742 1597 1827 suffraganeum.
1656 1740 1766 1804 Ad
1808 1742 1929 1805 hos
1978 1741 2271 1807 dominos
2320 1763 2425 1807 me
2467 1763 2633 1809 con-

292 1853 430 1934 tuli,
474 1860 541 1913 et
578 1848 808 1932 rogavi
850 1846 1089 1910 dictum
1110 1846 1476 1926 Hectorem,
1519 1855 1836 1926 quatenus
1883 1847 2037 1911 mihi
2077 1844 2453 1930 dignaretur
2482 1867 2524 1912 a
2551 1847 2626 1912 S.

290 1957 375 2022 D.
402 1957 583 2039 Papa
622 1952 946 2017 licentiam
986 1953 1330 2035 impetrare
1371 1951 1679 2016 visitandi
1718 1952 1862 2016 loca
1900 1961 2131 2016 sancta
2165 1952 2628 2036 transmarina3

290 2081 411 2146 pro
455 2080 582 2145 quo
626 2059 818 2121 etiam
859 2058 1228 2141 praedictus
1268 2055 1703 2120 Reverendus
1725 2058 1920 2122 Fater
1938 2058 2257 2125 Dominus
2282 2056 2630 2122 Udalrious

292 2167 663 2249 Episcopus
705 2162 878 2246 apud
919 2182 1068 2225 eum
1105 2181 1222 2245 pro
1267 2180 1370 2224 me
1410 2163 1662 2229 institit.
1758 2161 2096 2226 Promissit
2137 2180 2316 2245 ergo,
2361 2172 2426 2226 et
2470 2182 2629 2246 pro·

293 2270 567 2332 missum
629 2270 866 2352 tenuit,
929 2269 1212 2353 mihique
1253 2267 1505 2333 literam
1546 2266 1630 2330 de
1675 2266 1826 2330 data
1867 2266 2127 2329 licentia
2187 2267 2377 2330 misit.
2483 2264 2631 2345 Qua

291 2374 511 2442 habita
568 2373 779 2438 adhuc
834 2374 985 2437 silui
1038 2381 1104 2436 et
1161 2382 1418 2455 tempus
1494 2372 1708 2455 magis
1786 2371 2148 2453 optativum
2227 2372 2628 2455 exspectavi,

290 2497 566 2564 sperans
611 2479 785 2562 quod
811 2497 1007 2541 casus
1048 2477 1451 2540 desideratus
1475 2494 1552 2539 se
1593 2474 1876 2558 offerret,
1901 2494 2029 2559 quo
2058 2494 2164 2539 me
2202 2494 2331 2539 non
2359 2485 2629 2559 rogante

291 2583 615 2646 desiderio
660 2601 803 2643 meo
846 2581 1212 2661 satisfieret,
1255 2582 1426 2642 sicut
1469 2589 1535 2643 et
1588 2581 1833 2644 sactum
1895 2582 2038 2650 suit.
2133 2579 2334 2644 Porro
2395 2581 2505 2645 illo
2558 2583 2628 2647 iu

288 2697 583 2767 tempore
649 2692 786 2746 erat
838 2684 1066 2747 Ulmae
1131 2681 1473 2747 Conradus
1527 2685 1817 2767 Looher,
1884 2688 1989 2750 vir
2063 2683 2348 2767 prudens
2364 2728 2385 2765 ,
2440 2682 2629 2751 Sacri

289 2790 552 2872 Imperii
593 2787 830 2851 ibidem
873 2786 1232 2850 ordinarius
1273 2788 1577 2873 Balivus,
1634 2792 1852 2854 multis
1919 2791 2241 2854 nobilibus
2302 2787 2626 2871 cognitus,

288 2903 355 2957 et
405 2894 561 2956 mihi
603 2912 733 2957 non
769 2911 996 2974 parum
1040 2890 1351 2956 affectus:
1420 2894 1569 2959 huic
1609 2896 1703 2959 uti
1745 2894 1920 2959 fideli
1982 2897 2192 2959 amico
2263 2893 2471 2977 primo
2514 2910 2629 2961 cor

289 3017 504 3060 meum
549 3000 815 3082 apperni
854 3007 921 3061 et
961 2998 1087 3060 sibi
1124 2996 1513 3061 desiderium
1546 3019 1760 3064 meum
1833 3009 1900 3063 et
1965 3001 2259 3064 licentias
2316 2998 2627 3082 revelavi,

287 3111 520 3187 petens
543 3105 623 3165 ab
656 3123 756 3188 eo,
773 3106 832 3166 si
856 3102 1135 3187 aliquem
1172 3102 1255 3166 de
1299 3104 1620 3167 nobilibus
1662 3105 1909 3187 patriae
1939 3113 2259 3188 nosceret,
2300 3102 2628 3169 volentem

286 3206 373 3269 ad
412 3206 819 3271 Dominicum
853 3208 1285 3291 Sepulchrum
1326 3209 1394 3271 in
1436 3210 1790 3273 Ierusalem
1829 3211 2246 3295 peregrinari,
2288 3208 2627 3292 capellano

285 3330 369 3375 ac
409 3330 604 3376 servo
645 3310 1072 3395 indigentem,
1137 3313 1310 3395 quod
1367 3334 1473 3378 me
1529 3312 1701 3397 apud
1763 3313 1962 3376 talem
2004 3322 2435 3397 promoveret,
2475 3321 2626 3376 tau-

285 3434 480 3499 quam
525 3425 859 3496 expertum
902 3425 969 3478 et
1009 3416 1231 3479 utilem
1270 3436 1387 3499 pro
1429 3419 1558 3481 ista
1597 3418 2116 3500 peregrinatione
2184 3427 2254 3481 et
2317 3416 2626 3480 servilem

284 3521 354 3582 in
397 3518 839 3601 spiritualibus
890 3528 956 3582 et
1017 3520 1477 3602 corporalibus.
1563 3523 1836 3585 Habens
1902 3540 2058 3611 ergo
2102 3523 2203 3585 vir
2252 3520 2625 3613 praediqtus

282 3623 661 3687 scrutinium
705 3624 872 3685 inter
926 3624 1159 3685 nobilis
1202 3633 1268 3686 et
1309 3624 1556 3688 invenit
1578 3671 1597 3706 ,
1650 3624 1824 3710 quod
1865 3643 2229 3709 generosus
2272 3626 2373 3689 vir
2393 3625 2626 3703 Domi'q

282 3746 412 3792 nus
451 3728 790 3790 Johanues
856 3727 1185 3790 Truchsas
1228 3726 1310 3790 de
1374 3728 1750 3812 Waldpurg
1790 3750 1866 3794 se
1918 3731 2234 3815 disposuit
2275 3729 2356 3793 ad
2400 3737 2625 3801 traus-

281 3834 595 3898 marinam
638 3832 1223 3915 peregrinationem
1265 3832 1457 3895 simul
1482 3850 1629 3897 cum
1651 3835 2035 3918 quibusdam
2083 3835 2232 3899 aliis
2275 3835 2624 3900 baronibus

288 3947 355 4001 et
396 3938 739 4002 nobilibus.
784 3937 894 4000 Ad
937 3953 1102 4021 quos
1145 3935 1258 3999 ille
1296 3937 1579 4002 accessit
1622 3948 1690 4002 et
1711 3938 2089 4006 fidehssime
2131 3959 2238 4007 me
2283 3941 2625 4025 promovit,

285 4045 457 4107 sicut
498 4045 592 4105 rei
634 4044 932 4126 probavit
974 4050 1270 4107 eventus.

457 4147 633 4212 Nam
674 4149 894 4211 statim
930 4156 1099 4230 post,
1146 4157 1213 4211 et
1251 4148 1374 4215 fuit
1414 4152 1610 4216 Anno
1656 4149 1822 4216 1483
1883 4149 1951 4213 in
1992 4149 2102 4213 die‘
2140 4148 2238 4214 St.
2287 4145 2624 4214 Gertrudis

288 4249 605 4334 Virginis,
656 4254 836 4316 venit
874 4252 1129 4317 Ulmam
1167 4258 1507 4339 praefatus
1547 4259 1653 4322 vir
1691 4255 1926 4321 nobilis
1968 4242 2268 4341 domiuus
2287 4255 2642 4347 Johannes.

290 4353 622 4420 ‘rmchsas
689 4355 772 4419 de
827 4357 1204 4445 Waldpurg
1264 4357 1760 4445 cumpluribus
1817 4360 1965 4426 aliis
2019 4358 2342 4453 nobilibus
2393 4355 2628 4417 amicis

2237 4478 2282 4513 0
