3242 5259
625 491 694 547 et
756 479 1090 547 cantharis
1138 480 1360 549 vinam
1429 496 1640 566 usque
1697 482 1781 546 ad
1839 482 2049 547 locum
2111 491 2428 566 torturae,
2488 491 2563 546 ut
2622 491 2691 546 et
2748 479 2959 546 eidem

627 585 1156 669 inebriarentur,=
1192 596 1263 651 ut
1330 586 1568 651 dictum
1629 596 1736 651 est
1789 605 1989 671 supra
2041 585 2247 670 (18³5
2270 586 2380 671 A)
2445 586 2553 651 fol.
2614 587 2755 651 112.
2842 584 2964 651 Sic

630 693 826 755 etiam
882 689 1149 755 tradidit
1201 690 1568 755 faciendum
1630 690 1937 774 Talmud,
1994 700 2325 775 statuens,
2376 691 2719 756 morituros
2779 690 2963 773 prius

628 796 967 880 inebriari,
1022 803 1093 858 nt
1151 795 1525 879 impleretur
1576 794 1918 878 Scriptura
1977 797 2172 859 Prov.
2237 795 2377 861 13.:
2422 795 2595 858 Date
2656 812 2963 878 syceram

627 901 1091 985 moerentibus,
1158 908 1224 963 et
1264 900 1487 964 vinnm
1542 899 1684 983 his,
1737 900 1849 984 qni
1898 894 2117 967 amaro
2178 910 2331 964 sunt
2387 901 2635 981 animo;
2717 898 2960 983 bibant,

626 1013 694 1069 et
732 1005 1198 1069 obliviscantur
1235 1003 1477 1068 doloris
1515 1005 1641 1068 sui.
1724 1003 1835 1068 Ad
1876 1005 2001 1070 bas
2046 1022 2204 1089 ergo
2248 1005 2586 1086 tabernas,
2643 1020 2793 1069 cmu
2831 1019 2962 1064 ve-

624 1109 835 1173 nisset
856 1108 1177 1173 Dominus
1204 1107 1409 1173 Jesus
1451 1126 1599 1173 cum
1644 1126 1840 1173 cruce
1882 1118 1950 1173 et
1990 1092 2243 1174 dnobus
2292 1108 2651 1203 latronibus
2685 1124 2834 1170 cum
2876 1124 2963 1170 eo

626 1212 1114 1297 crucifigendis,
1168 1223 1636 1297 processerunt
1698 1214 2082 1278 festinanter
2144 1230 2292 1277 cum
2332 1213 2607 1277 Domino
2647 1213 2848 1296 Jesu,
2888 1222 2963 1277 et

625 1334 775 1383 cum
818 1317 964 1382 aliis
1007 1317 1755 1401 duobussubstiterunt,
1814 1327 2232 1402 apportantes
2275 1320 2373 1382 eis
2415 1327 2671 1402 potum3
2731 1326 2798 1380 et
2841 1336 2961 1401 pro

625 1422 908 1488 Domino
948 1423 1115 1486 Jesu
1161 1422 1451 1488 tulerunt
1490 1443 1576 1489 ex
1616 1424 1893 1507 hospitio
1939 1423 2337 1515 myrrhatum
2377 1423 2630 1504 vinum,
2675 1421 2848 1505 qnod
2887 1422 2961 1485 in

626 1527 771 1592 loco
825 1527 1265 1593 crucifixionis
1327 1529 1483 1611 fuit,
1547 1538 1616 1592 et
1682 1530 2046 1591 ministrant
2110 1528 2741 1611 (ministravenmt),
2781 1526 2961 1611 quod

626 1638 850 1695 tamen
890 1651 1022 1696 non
1064 1630 1319 1718 accipit
1331 1677 1353 1716 ,
1397 1643 1473 1696 ut
1514 1632 1750 1698 dicitur
1789 1633 2025 1699 matth.
2074 1630 2182 1698 2⁷.
2267 1632 2415 1696 Nec
2458 1633 2726 1717 legitur,
2781 1630 2962 1716 quod

625 1734 738 1798 alii
781 1734 910 1798 dno
950 1735 1372 1820 crucifigendi
1413 1739 1817 1821 portaverint
1859 1755 2091 1802 cruces
2132 1754 2290 1801 suas
2302 1783 2343 1821 „
2364 1737 2484 1801 sed
2530 1739 2694 1802 socii
2732 1755 2956 1800 eorum

625 1846 1068 1923 portaverunt.
1190 1840 1399 1904 Jesus
1461 1852 1678 1906 autem
1750 1844 2073 1909 Dominus
2145 1852 2367 1907 noster
2425 1859 2611 1906 suum
2675 1841 2962 1925 portavit

627 1939 1022 2025 patibulum,
1061 1943 1216 2026 quia
1257 1962 1485 2008 omnes
1526 1948 1721 2011 amici
1759 1947 1905 2029 ejus
1946 1946 2427 2030 dereliquerunt
2464 1964 2647 2029 enm,
2700 1954 2769 2008 et
2822 1943 2960 2008 noti

623 2046 770 2130 eJ’us
810 2056 1226 2113 recesserunt
1274 2052 1356 2113 ab
1399 2070 1498 2115 eo.
1540 2044 1763 2135 Magis
1784 2058 2018 2123 ,ψωιιι
2057 2051 2450 2115 festinabam
2478 2070 2635 2117 cum
2675 2049 2959 2113 Domino

625 2150 793 2217 Jesu
873 2170 1066 2235 quam
1135 2170 1284 2216 cum
1347 2155 1532 2240 aliis,
1569 2157 1775 2245 ὁ,(Ῑιιὶι,
1837 2174 1922 2218 ex
1983 2173 2114 2239 quo
2166 2155 2418 2221 Pilatus
2479 2156 2683 2218 invite
2724 2154 2960 2216 tulerat

622 2258 1032 2341 sententiam,
1059 2266 1127 2320 et
1165 2268 1439 2324 coactus
1481 2280 1715 2329 eorum
1745 2260 2345 2343 importunitatibus
2389 2262 2603 2344 paruit
2638 2257 2955 2322 voluntati

622 2379 865 2445 corum,
908 2362 1236 2447 timebant,
1278 2383 1364 2428 ne
1383 2365 1549 2429 forte
1587 2366 2003 2449 sententiam,
2046 2384 2255 2465 quam
2278 2365 2521 2469 injuste
2561 2365 2758 2428 latam
2802 2379 2956 2425 esse

625 2465 912 2549 sciebat,
955 2477 1310 2532 revocaret.
1375 2468 1530 2534 Ideo
1574 2470 1986 2537 festinabant,
2063 2469 2258 2534 Circa
2298 2452 2471 2541 bunc
2508 2471 2724 2536 iocum
2763 2467 2963 2531 steti-

628 2584 774 2635 mus
852 2579 920 2635 et
959 2588 1047 2636 cx
1087 2575 1560 2657 compassionis
1599 2574 1841 2640 affectu
1884 2576 2236 2641 oravimus.

1035 2820 1319 2899 Domus
1363 2812 1669 2903 sa‘fictae
1710 2826 2076 2903 foeminae
2124 2812 2562 2917 veronicae.
2646 2926 2657 2931 -

797 3002 1054 3069 Deinde
1118 3007 1454 3087 progressi
1516 3007 1586 3068 in
1651 3005 1975 3071 descensu
2013 3005 2341 3069 venimusa
2365 3001 2449 3065 ad
2492 3000 2702 3065 locum
2743 2998 2965 3063 Vero-

629 3106 854 3193 nicae,
929 3124 1099 3192 quae
1156 3106 1392 3173 dicitur
1445 3110 1652 3174 fm‘ssc
1716 3110 1947 3173 mulier
2011 3110 2151 3173 illa*
2183 3108 2504 3191 sangnine
2567 3107 2779 3168 fluens
2830 3102 2962 3164 ΧΠ

628 3211 820 3272 annis
835 3254 856 3293 ‚
901 3219 965 3273 et
1005 3208 1094 3273 ad
1134 3218 1378 3275 tactum
1440 3214 1733 3278 fimbriae
1771 3214 2144 3281 vestimenti
2185 3200 2512 3277 occultum
2555 3211 2679 3275 fnit
2719 3215 2964 3286 curata,

629 3331 825 3399 quam
867 3312 1214 3379 Dominus·
1239 3314 1437 3379 filiam
1479 3318 1780 3400 vocavit,
1827 3314 2020 3407 fldem
2062 3318 2206 3400 eJns
2242 3317 2585 3402 plin-imum
2626 3331 2963 3378 commen-

629 3418 834 3503 dans,
873 3427 946 3482 ut
987 3418 1261 3484 habetur
1297 3418 1533 3485 matth.
1576 3422 1640 3485 9.
1726 3423 1920 3487 Hanc
1962 3422 2220 3508 quidam
2264 3421 2488 3486 dicunt
2527 3420 2733 3483 fnisse
2771 3417 2962 3481 Mar-

627 3524 823 3588 tham.
925 3522 1061 3589 Sed
1117 3526 1448 3591 Eusebius
1511 3524 1656 3591 Lib.
1716 3526 1865 3591 vn.
1934 3528 2190 3591 Eccles.
2255 3527 2500 3590 Histor.
2559 3524 2747 3605 dicit,
2814 3540 2961 3585 eam

626 3627 1019 3695 veronicam
1063 3629 1303 3716 tuisse,
1347 3651 1514 3718 quae
1554 3620 1782 3697 cur'ata
1821 3650 1863 3695 a
1905 3633 2181 3697 Domino
2233 3628 2625 3717 sequebatur
2668 3647 2850 3711 cum,
2892 3636 2964 3690 et

627 3743 768 3797 erat
825 3744 1119 3800 matrona
1170 3739 1523 3801 sanctitate
1577 3747 1646 3802 et
1687 3737 2005 3822 pudicitia
2063 3737 2359 3820 insignis.
2443 3736 2633 3809 Haec
2689 3732 2963 3797 audiens

627 3836 968 3903 tumultum
1008 3841 1229 3924 populi
1269 3845 1741 3923 praetereuntis
1785 3842 2042 3907 domum
2088 3842 2232 3925 ejus
2280 3856 2427 3904 cum
2481 3837 2960 3922 crucifigendis,

628 3941 881 4006 exilivit
923 3942 1007 4006 de
1047 3943 1241 4009 domo
1280 3954 1349 4008 et
1390 3963 1537 4010 cnm
1582 3946 1865 4011 lamento
1909 3946 2190 4010 occurrit
2228 3944 2505 4007 Domino
2551 3944 2721 4007 Jesu
2762 3958 2962 4006 cruce

625 4054 933 4130 gravato,
997 4047 1360 4133 vidensque
1399 4049 1654 4114 vultum
1699 4049 1843 4136 ejus
1902 4059 2096 4134 sputo
2138 4057 2204 4111 et
2245 4051 2570 4132 sanguine
2625 4046 2962 4132 repletum,

624 4149 958 4215 sudu-inm
999 4154 1310 4236 extraxit,
1381 4163 1448 4217 et
1488 4154 1720 4219 faciem
1765 4154 2116 4218 salvatoris
2181 4154 2398 4237 tersit3
2454 4154 2693 4219 mansit
2744 4161 2962 4216 autem

625 4253 837 4338 figura
876 4255 1071 4320 faciei
1109 4256 1178 4321 in
1219 4256 1518 4343 sudario,
1560 4276 1643 4323 ac
1690 4260 1750 4324 si
1793 4257 2027 4323 fuisset
2067 4259 2129 4322 ei
2171 4259 2474 4342 impieta,
2518 4258 2692 4343 quod
2734 4257 2963 4323 mulier

626 4360 741 4428 illa
786 4379 992 4446 penes
1032 4378 1112 4427 se
1152 4364 1412 4428 retinuit
1428 4409 1451 4449 ,
1514 4372 1582 4430 et
1623 4366 1844 4430 miram
1909 4362 2414 4431 consolationem
2457 4366 2528 4429 in
2583 4381 2663 4427 eo
2717 4361 2962 4444 habuit,
