3242 5259
358 489 758 607 pertransire
799 523 1026 605 possit.
1072 518 1266 601 Quod
1315 538 1441 606 ego
1491 522 1855 587 fabulosum
1899 528 2216 611 reputavi,
2256 547 2487 599 omnes
2526 532 2696 597 enin

356 628 944 711 pertransivimus3
1010 644 1096 691 an
1158 635 1372 691 autem
1437 644 1666 693 omnes
1715 630 1783 692 in
1851 634 2064 716 gratia
2119 634 2430 699 fuerimus
2450 681 2470 718 ,
2514 636 2699 703 Deus

355 735 502 796 scit.

351 999 475 1074 De
538 998 758 1093 loco,
822 1001 892 1076 in
963 1024 1105 1103 quo
1155 1000 1305 1077 ΧΠ
1351 999 1636 1078 articuli
1682 1000 1855 1078 fidei
1898 1012 2066 1079 sunt
2113 1028 2247 1108 per
2284 1009 2692 1112 Apostolos

1332 1121 1736 1227 compositi.

522 1300 797 1383 Egressi
842 1300 925 1365 de
966 1286 1173 1386 sp'ecu
1213 1310 1485 1387 sanctae
1525 1302 1851 1386 Pelagiae
1878 1316 2355 1390 consequenter
2407 1309 2688 1375 descen-

352 1404 573 1468 dimus
617 1414 900 1487 montem
945 1414 1014 1468 et
1063 1408 1259 1499 viam,
1303 1410 1473 1503 {luae
1515 1404 1695 1471 ducit
1737 1408 2120 1521 Bethphage
2176 1420 2243 1476 et
2281 1414 2683 1499 Bethaniam,

340 1513 818 1593 praetergressi
863 1531 980 1594 per
1022 1508 1366 1577 maceriam
1411 1513 1477 1575 in
1522 1492 1865 1615 quendam
1886 1512 2139 1579 hortum
2180 1518 2578 1607 scandimus,
2621 1530 2689 1584 et

340 1613 433 1678 ad
475 1615 694 1678 ruinas
737 1616 1069 1700 cujusdam
1127 1618 1448 1679 ecclesiae
1507 1598 1788 1698 magnae
1835 1608 2169 1705 venimus,
2225 1638 2394 1704 quae
2450 1622 2687 1688 dicitur

336 1714 640 1783 ecclesia.
677 1720 748 1781 S.
791 1722 1000 1787 Marci
1042 1722 1693 1804 Evangelistae.1n
1734 1719 1860 1782 hac
1898 1722 2182 1789 eeclesia
2237 1726 2493 1791 Fuerunt
2532 1729 2683 1793 olim

335 1823 807 1909 indulgentiae,
870 1834 934 1889 et
984 1824 1175 1889 hodie
1209 1835 1388 1909 sunt,-
1425 1830 1612 1908 quas·
1632 1822 1822 1888 dictis
1867 1828 2263 1891 orationibus
2298 1834 2683 1920 recepimus.

336 1930 469 2013 (·1-)
513 1929 700 1992 Haec
742 1929 1022 1994 ecclesia
1065 1930 1301 1994 dicitur
1323 1940 1519 1995 'stare
1555 1931 1628 1993 in
1669 1948 1749 1993 eo
1791 1929 1958 2015 loco,
1993 1933 2101 1995 ubi
2144 1937 2361 1998 sancti
2381 1936 2681 2019 Apostoli

335 2033 776 2098 confecerunt
822 2034 1185 2125 symbolum
1228 2034 1378 2098 fidei
1418 2036 1840 2098 nostrae.1bi
1884 2038 2054 2099 enim
2097 2038 2227 2102 XII
2268 2040 2685 2147 singulariter

334 2144 812 2221 convenerunt,
855 2148 928 2200 ιιι
970 2148 1152 2202 extra
1195 2139 1529 2205 tumultum
1572 2122 1900 2202 hominum
1946 2152 2208 2226 essent,
2266 2154 2333 2206 et
2350 2136 2534 2208 Deo
2572 2146 2681 2208 in-

333 2242 638 2326 spirante
678 2240 990 2305 articulos
1033 2230 1551 2337 composuerunt,
1581 2245 1831 2345 ‘quibus
1871 2248 2246 2328 compositis
2289 2244 2385 2309 ἰιι
2400 2256 2677 2345 montem

334 2344 533 2430 Syon
573 2349 992 2433 transierunt,
1034 2358 1104 2415 et
1139 2358 1556 2432 congregato·
1565 2336 1765 2411 sacro
1840 2359 1908 2413 et
1950 2352 2305 2414 universali
2367 2361 2433 2414 et
2474 2338 2680 2434 primo

332 2444 632 2515 concilio
689 2452 1018 2519 articulos
1108 2452 1346 2516 editos*
1381 2463 1448 2516 et
1502 2436 1869 2536 symbolum
1926 2456 2220 2518 concilio
2286 2448 2676 2541 obtulerunt,

334 2554 904 2641 examinaverunt,
949 2567 1013 2619 et
1035 2554 1372 2661 eqblesiae
1398 2555 1797 2620 tradiderunt
1838 2578 1954 2641 per
1977 2554 2281 2623 mundum
2329 2559 2677 2645 divulgan-

333 2660 481 2724 dos.
570 2660 688 2727 Ut·
698 2670 878 2744 patet
913 2678 1111 2747 supra
1153 2652 1265 2731 fol.
1313 2638 1437 2727 166
1478 2661 1563 2729 A.
1680 2664 1757 2725 n»
1820 2663 1932 2728 illo
1990 2656 2167 2749 ergo
2204 2665 2349 2729 loco
2407 2666 2677 2730 eandem

329 2764 535 2830 fidem
579 2762 661 2830 de
704 2784 875 2830 novo
916 2769 1196 2850 professi
1238 2767 1602 2857 symbolum
1649 2765 1948 2835 diximus.

407 3037 538 3113 ne
565 3035 755 3177 loco
775 3088 798 3129 ,
852 3035 971 3113 ubi
1015 3004 1396 3115 Dominus
1412 2974 1823 3129 orationem⁴
1854 3035 2281 3117 dominicam
2326 3036 2577 3118 docuit

1149 3148 1550 3259 discipulos
1602 3152 1837 3233 orare.
1896 3208 1907 3217 ·

502 3340 783 3403 Hortum
841 3330 1196 3437 praesatae
1232 3338 1556 3415 eeclesiae
1610 3320 1863 3422 egressi
1898 3339 2041 3402 ad
2064 3342 2235 3405 viam
2255 3385 2275 3424 ,
2335 3360 2505 3425 quae
2559 3362 2676 3426 per

325 3462 657 3531 praeceps
700 3443 924 3528 ducit,
950 3446 1019 3508 in
1060 3445 1301 3513 vallem
1337 3432 1697 3527 venimu‘s,
1741 3454 1806 3507 ot
1846 3444 2174 3527 paululum
2220 3444 2675 3511 descendimus

326 3553 398 3615 in
442 3550 697 3632 locum,
725 3540 854 3614 ubi
916 3550 1113 3613 etiam
1178 3549 1755 3653 depehendimus,
1829 3551 2095 3614 stetisse
2139 3536 2485 3613 oratorium
2528 3553 2677 3625 sive

325 3655 720 3730 eeclesiam,
793 3662 861 3716 et
900 3653 1237 3719 dicebatur
1277 3655 1394 3721 illa
1434 3656 1755 3721 ecclesia.
1791 3652 2020 3720 domus
2078 3655 2293 3739 panis,
2376 3656 2473 3719 Ibi
2516 3672 2673 3740 ergo

321 3761 520 3826 dictis
583 3757 983 3821 orationibus
1043 3759 1320 3842 signatis
1374 3759 1810 3853 indulgentias
1854 3761 2219 3843 recepimus
2261 3760 2400 3843 st).
2487 3760 2675 3824 Haec

321 3866 617 3939 ecclesis.
684 3862 916 3927 dicitur
974 3881 1126 3925 esse
1185 3854 1525 3927 aedificata
1567 3866 1634 3927 in
1690 3884 1768 3928 eo
1823 3863 2005 3955 loco,
2071 3863 2153 3926 de
2213 3882 2340 3947 quo
2403 3865 2675 3928 habetur

320 3972 558 4037 Lucae
592 3969 712 4045 XL
797 3954 971 4030 Dum
1014 3977 1193 4031 esset
1231 3968 1435 4052 Jesus
1476 3969 1543 4032 in
1569 3970 1865 4053 ‚quodam
1908 3970 2050 4034 loco
2091 3987 2321 4051 orans,
2377 3978 2443 4031 et
2491 3968 2674 4033 finita

325 4054 622 4138 oratione
667 4072 829 4137 dixit
870 4088 1039 4137 unus
1083 4094 1166 4138 ex
1209 4074 1545 4158 discip'ulis
1588 4075 1685 4157 ad·
1730 4072 1933 4139 eumz*
1966 4076 2278 4157 Domine,
2349 4073 2512 4138 doce
2547 4091 2669 4137 nos

325 4196 533 4249 orare.
619 4178 707 4241 Et
746 4178 836 4241 ibi
878 4176 1095 4242 docuit
1126 4196 1241 4242 eos
1283 4181 1637 4244 orationem
1678 4179 2094 4265 dominicam,
2157 4180 2298 4244 Deo
2343 4181 2670 4263 acceptis-

328 4281 595 4365 simam,
656 4283 923 4349 brevem
1002 4291 1071 4347 et
1130 4284 1560 4349 utilissimam.
1690 4287 1882 4349 Hanc
1955 4288 2310 4351 orationem
2368 4287 2549 4368 prius
2601 4284 2668 4346 in

329 4392 547 4446 monte
589 4385 751 4470 alio,
811 4389 879 4453 in
936 4387 1274 4454 Galilaeae
1327 4391 1693 4476 provincia,
1748 4391 2234 4477 praedicaverat
2289 4390 2355 4454 in
2418 4387 2665 4471 prolixo
