3242 5259
1741 314 1867 381 1³⁶

848 496 997 685 ¹³:³4
1023 545 1237 624 modo
1283 543 1759 625 manducandi
1808 544 2354 649 peregrinorum
2401 545 2473 621 in
2520 545 2808 623 Galea..

808 729 1085 792 Instanti
1120 731 1282 794 hora
1320 727 1574 812 prandii
1595 732 1706 792 aut
1747 743 1991 790 coenae
2031 737 2304 812 surgunt
2325 728 2596 813 quatuor
2635 726 2975 809 tumulans,

641 844 709 897 et
749 841 1126 919 erumpnas,
1150 843 1215 898 et
1253 835 1426 919 tubIs
1465 839 1868 917 concrepant·
1897 851 2013 916 pro
2054 835 2331 898 cimbulo
2365 833 2447 898 ad
2491 852 2803 919 mensam,
2845 848 2974 916 quo

638 938 858 1005 audito
901 958 1050 1004 eum
1093 957 1330 1023 magna
1371 938 1745 1002 festinantia
1785 946 2127 1001 accurrunt
2168 956 2424 1022 omues,
2468 940 2580 1023 qui
2622 938 2706 1002 (le
2749 954 2974 1003 mensa

578 1054 615 1091 ·
638 1045 877 1109 domini
920 1044 1171 1128 patroni
1213 1052 1385 1129 suut,
1429 1042 1513 1107 ad
1555 1046 1820 1128 puppim
1840 1088 1860 1126 ‚
1904 1051 1971 1106 et
2012 1043 2253 1108 idcirco
2291 1044 2637 1127 festinant,
2680 1050 2753 1106 ut
2793 1043 2973 1107 acci-‘-

638 1150 820 1241 piant
866 1149 1079 1231 locum
1121 1152 1379 1235 quietae
1418 1149 1758 1231 sessionis,
1801 1147 1951 1233 quia
1967 1193 1988 1232 ,
2031 1149 2144 1231 qui
2183 1149 2273 1213 ibi
2316 1146 2500 1213 tarde
2550 1151 2766 1231 venit,
2806 1146 2975 1213 male

637 1253 843 1351 sedet.
904 1236 1068 1318 'fres
1108 1255 1279 1318 enim
1329 1270 1594 1318 mensae
1636 1260 1945 1335 parantur
1985 1253 2052 1316 in
2095 1258 2294 1338 puppi
2337 1254 2503 1318 bene
2550 1262 2619 1315 et
2660 1251 2971 1335 ordinate,

638 1368 711 1422 et
744 1359 857 1446 qui
880 1358 982 1439 ,ad
1022 1359 1173 1423 illas
1214 1367 1429 1443 potest
1471 1357 1722 1440 sedere,
1764 1357 1934 1420 bene
1975 1357 2193 1442 habet,
2217 1363 2329 1443 qui
2370 1379 2528 1423 vero
2547 1356 2731 1422 tarde
2771 1356 2973 1440 venit,=

637 1472 825 1527 extra
864 1464 1126 1549 puppim
1182 1464 1249 1526 in
1290 1465 1575 1528 scamnis
1617 1462 2017 1547 galeotarum
2060 1463 2313 1527 sedebit
2354 1463 2523 1528 male
2565 1472 2631 1526 et
2679 1463 2746 1525 in
2807 1461 2972 1545 sole,

636 1574 950 1645 vemosset
985 1566 1229 1652 pl‘uvia.
1267 1570 1344 1632 In
1383 1571 1514 1632 ista
1554 1568 1854 1631 sessione
1895 1585 2023 1630 uon
2057 1577 2161 1631 est
2202 1568 2379 1653 ordo,
2415 1566 2536 1632 sed
2579 1568 2753 1650 prior
2794 1566 2968 1629 locat

636 1691 714 1735 se
755 1668 839 1736 ad
871 1673 1199 1757 placitum,
1242 1692 1368 1737 nee
1407 1690 1655 1762 pauper
1697 1671 1884 1735 diviti
1927 1670 2169 1756 defert,
2224 1691 2349 1736 nee
2403 1675 2687 1736 rusticus
2741 1670 2967 1747 nobili,

636 1794 763 1840 nee
798 1777 1215 1867 mechanicus
1264 1778 1617 1859 sacerdoti,
1676 1794 1799 1839 nee
1861 1775 2059 1840 idiota
2115 1777 2381 1860 doctori,
2438 1795 2568 1841 neo
2608 1774 2969 1841 saecularis

638 1872 965 1965 religfom,
1007 1883 1133 1945 nisi
1181 1891 1445 1971 propter
1486 1880 1881 1964 singularem
1939 1881 2430 1946 familiaritatem
2486 1882 2724 1965 aliquis
2775 1876 2969 1943 alium

634 1988 926 2052 honoret.
1013 1985 1297 2051 Causam
1341 1983 1555 2050 autem
1619 1986 1796 2050 nnus
1851 1985 2356 2051 deordinationis
2397 1996 2461 2050 et
2503 1987 2969 2050 irreverentiae

633 2092 805 2158 hano
846 2107 999 2155 esse
1037 2092 1281 2174 opinor,
1324 2092 1476 2177 quia
1518 2109 1742 2155 omues
1768 2091 2041 2174 aequale
2057 2094 2334 2175 pretium
2371 2092 2635 2157 solvunt
2675 2098 2969 2173 patrono,

638 2198 920 2263 minores
961 2202 1211 2261 tantun
1253 2205 1561 2281 quantum
1603 2196 1903 2281 majores.

803 2298 1017 2366 Credo
1056 2301 1244 2386 bene,
1288 2305 1348 2366 si
1391 2320 1669 2387 magnae
1710 2300 2041 2386 dignitatis
2091 2319 2410 2385 personae
2465 2298 2795 2364 solverent
2847 2298 2972 2361 Lx

635 2407 928 2492 (luentes,
970 2415 1034 2470 et
1076 2406 1405 2491 simplices
1448 2424 1526 2470 ae
1566 2406 1802 2490 plebeii
1842 2407 2015 2491 XX„
2055 2402 2167 2471 aut
2214 2408 2275 2471 si
2310 2413 2618 2491 patronus
2655 2405 2972 2489 reciperet

632 2512 972 2596 pecuniam
1036 2513 1117 2576 ab
1180 2530 1566 2596 unoquoque
1617 2510 1973 2576 seeundum
2030 2513 2538 2596 proportionem,
2603 2508 2777 2594 quod
2816 2519 2973 2573 tune

633 2617 840 2681 honor
879 2627 947 2681 et
989 2620 1355 2681 reverentia
1393 2628 1572 2682 esset
1611 2619 1925 2683 minorum
1969 2618 2053 2681 ad
2094 2618 2390 2701 majores.
2487 2617 2761 2700 Propter
2801 2617 2974 2681 hane

634 2740 897 2788 causam
940 2723 1211 2806 nobiles,
1253 2725 1363 2809 qul
1407 2724 1650 2789 habent
1692 2723 1991 2807 famulos,
2047 2704 2438 2787 manducant
2472 2714 2664 2805 Juxta
2703 2720 2968 2804 malum,

631 2836 746 2892 aut
784 2830 855 2897 iu
898 2828 1149 2892 cumbis
1191 2830 1332 2893 suis
1373 2848 1522 2895 cum
1559 2829 1801 2893 lumine
1823 2873 1844 2913 ,
1888 2830 2080 2891 etiam
2143 2827 2356 2895 media
2396 2826 2536 2908 die,
2591 2825 2804 2909 qundo
2856 2828 2972 2888 aer

548 2956 561 2963 ·’
633 2938 735 2995 est
778 2931 1112 2996 obscurus.
1212 2932 1415 2998 Porro
1468 2951 1730 3021 semper
1775 2935 1842 2995 in
1885 2934 2198 3015 principio
2254 2948 2522 2996 mensae
2574 2930 2973 2994 ministratur

632 3035 928 3103 omnibus
973 3036 1401 3121 malfasetum‚
1464 3047 1532 3100 et
1570 3055 1857 3121 sequens
1900 3038 2086 3101 cibus
2124 3038 2484 3101 communis
2544 3043 2647 3098 est
2692 3043 2965 3117 paratus

630 3157 811 3205 more
846 3138 1110 3201 italico:
1156 3146 1223 3201 et
1286 3142 1560 3221 primum
1613 3148 1715 3203 est
1767 3139 2157 3203 salutuoium
2207 3140 2463 3205 lactuca
2514 3141 2792 3205 oleatum
2808 3185 2828 3223 ‚
2892 3138 2953 3205 si

630 3241 808 3304 olera
827 3250 1103 3323 possunt
1121 3242 1377 3325 haberi3
1419 3252 1734 3307 etearnes
1762 3245 1998 3308 ovInae
2036 3246 2103 3307 in
2148 3243 2439 3328 prandio,
2485 3255 2552 3309 et
2569 3245 2966 3329 pulmentum

627 3345 737 3409 vel
779 3354 1171 3413 monestrum
1216 3346 1299 3411 de
1341 3347 1544 3431 farre,
1586 3355 1700 3411 aut
1739 3347 1823 3411 (le
1861 3347 2067 3411 stacte
2111 3348 2429 3414 frumento
2451 3395 2473 3432 ,
2532 3358 2645 3415 aut
2703 3348 2968 3430 hordeo,

626 3459 739 3515 aut
780 3459 1128 3534 pannatmu
1173 3461 1238 3515 et
1279 3470 1544 3517 caseum
1586 3471 1913 3519 macrum:
1959 3454 2027 3517 in
2071 3451 2299 3517 diebus
2361 3473 2521 3519 vero
2577 3454 2968 3538 jejuniorum

628 3564 696 3620 et
746 3574 899 3619 non:
919 3556 1207 3622 earnium
1268 3560 1713 3623 ministrantur
1752 3557 2048 3643 plseiouli
2102 3557 2259 3622 dicti
2321 3559 2616 3645 zebilini,
2672 3560 2834 3624 salsi
2890 3560 2964 3621 in

626 3668 815 3725 aceto
869 3662 1079 3725 oleate
1095 3680 1131 3746 ᾗ
1156 3662 1267 3728 vel
1308 3663 1610 3747 placenta
1653 3663 1735 3727 (le
1794 3664 1940 3728 ovis
1980 3682 2130 3729 cum
2177 3682 2307 3729 uno
2347 3665 2695 3748 pulmento.
2750 3664 2966 3727 Panes

627 3774 949 3853 recentes·
963 3764 1253 3833 tribuunt
1303 3788 1504 3854 prope
1564 3778 1810 3852 pomis.
1891 3769 2055 3841 Post
2095 3770 2387 3852 quintum
2431 3771 2601 3833 euim
2643 3769 2814 3831 diem
2834 3784 2962 3827 nou

626 3878 846 3933 manet
887 3868 1078 3952 panis
1122 3860 1357 3935 reeens
1398 3870 1467 3931 in
1509 3870 1722 3953 galea.
1809 3874 1892 3943 Et
1928 3875 2033 3937 his
2077 3874 2525 3939 deficientibus
2566 3871 2732 3935 dant
2764 3871 2957 3951 paxi-

625 3982 834 4038 mates
867 3974 977 4043 vel
1006 3960 1433 4058 '‘paximatius,
1477 3994 1690 4059 panes
1747 3978 2058 4059 bieoetoS,
2087 3997 2252 4063 quos
2280 3980 2566 4043 biseotas
2605 3974 2959 4055 nominant,

625 4079 736 4161 qni
779 4074 932 4140 sunt
973 4075 1116 4141 duri
1158 4086 1232 4142 ut
1272 4079 1463 4162 lapis,
1504 4079 1626 4143 sed
1668 4079 1822 4144 (lum
1863 4098 2035 4162 aqua
2097 4091 2210 4144 aut
2258 4084 2415 4146 vino
2468 4077 2960 4165 perfimduumr,

623 4182 842 4245 statim
892 4180 1285 4264 liquescunt.
1332 4215 1339 4223 .
1395 4178 1642 4247 Vinum
1706 4183 2107 4251 ministratur
2168 4194 2478 4268 quantum
2540 4184 2688 4266 quis
2744 4184 2966 4251 mero

619 4294 858 4374 potest,
896 4305 1015 4376 pro
1058 4295 1346 4373 tempore
1385 4287 1645 4369 bonum,
1682 4296 1752 4350 et
1795 4284 2185 4373 quandoque
2224 4288 2415 4372 exile,
2452 4305 2716 4372 semper
2745 4299 2965 4357 tmen
3217 4290 3222 4403 ⁴

618 4409 790 4481 aqua
826 4391 995 4459 bene
1014 4391 1284 4460 mixtum
1303 4398 1369 4455 et
1388 4391 1804 4478 baptizatum.
1846 4391 2015 4456 Cum
2036 4393 2365 4458 eeleritate
2386 4404 2600 4459 autem
2623 4395 2958 4478 prandium
3221 4410 3222 4491 y
