3242 5259
802 527 999 592 Hunc
1040 526 1254 592 locum
1300 503 1551 592 111ᾶὶιὶιί
1589 524 1863 609 habent,
1885 533 1950 587 et
1994 524 2217 590 officia
2254 539 2383 592 sua
2416 524 2486 587 in
2527 543 2610 589 eo
2633 536 2978 608 peragunt.

804 634 881 694 In
923 633 1048 695 hoc
1085 632 1228 695 loco
1273 627 1884 713 contemplabamur
1926 629 2213 693 dolorem
2254 629 2637 692 immensum
2661 630 2980 712 Virginis,

639 736 792 822 quia
833 737 1128 800 omnibus
1172 734 1501 798 doloribus
1563 735 1861 819 cujusvis
1922 752 2273 818 corporeae
2314 734 2643 817 passionis
2698 734 2789 797 ibi
2832 752 2981 798 eam

639 844 992 905 cruciatam
1043 841 1363 904 novimus.
1444 835 1774 924 Quidquid
1839 839 2009 908 enim
2074 838 2479 902 crudelitatis
2520 837 2835 904 inflictum
2878 848 2984 900 est

640 945 1027 1029 corporibus·
1097 954 1484 1029 martyrum,
1559 946 1711 1009 leve
1782 945 1932 1026 fuit,
2003 950 2114 1007 aut
2179 944 2397 1025 potius
2463 942 2621 1006 nihil
2714 957 2984 1025 compa-

639 1052 889 1114 ratione
925 1051 1139 1134 ipsius
1183 1050 1531 1134 passionis,
1576 1069 1745 1134 quae
1786 1049 2085 1112 nimirum
2123 1066 2246 1113 sua
2284 1047 2717 1110 immensitate
2760 1056 2985 1111 trans-

641 1156 788 1219 fixit
858 1155 1221 1238 penetralia
1279 1157 1383 1220 sui
1456 1153 1908 1239 benignissimi
1972 1151 2206 1217 cordis.
2312 1149 2542 1215 Stabat
2608 1153 2810 1235 enim,
2890 1152 2987 1214 ait

637 1259 1108 1343 Evangelista,
1181 1258 1373 1342 iuxta
1437 1277 1696 1322 crucem
1763 1260 1929 1323 Jesu
1995 1259 2242 1343 Maria,
2327 1264 2537 1320 mater
2598 1256 2764 1340 ejus,
2850 1276 2983 1318 non

640 1365 868 1449 utique
911 1365 1150 1446 otiosa,
1217 1371 1329 1428 aut
1389 1364 1736 1448 superfluis
1780 1372 2128 1447 occupata,
2182 1359 2400 1445 (122
2423 1360 2533 1444 A)
2600 1360 2726 1423 sed
2769 1369 2989 1423 mente

531 1519 540 1528 .
641 1470 916 1551 turbata,
959 1477 1027 1532 et
1066 1487 1235 1534 voce
1279 1470 1644 1555 querulosa,
1687 1469 1942 1532 dicens:
1985 1468 2111 1532 Fili
2154 1468 2261 1550 mi,
2304 1466 2558 1529 animae
2600 1479 2786 1527 meae
2828 1463 2983 1528 olim

643 1575 997 1638 consolatio
1041 1580 1111 1636 et
1149 1572 1453 1657 gaudium
1472 1619 1492 1656 ‚
1536 1592 1713 1638 nunc
1754 1582 1974 1637 autem
2015 1572 2274 1657 gladius
2317 1569 2777 1658 penetrabilior
2810 1569 2987 1632 omni

622 1696 952 1742 mucrone
1019 1680 1418 1747 auctissimo.
1507 1677 1565 1741 0
1622 1697 1814 1762 quam
1875 1678 2103 1741 infelix
2147 1680 2304 1742 mihi
2365 1688 2433 1741 et
2483 1678 2599 1740 tibi
2663 1675 2842 1739 facta
2883 1683 2988 1738 est

645 1783 787 1848 ὼε
823 1784 971 1867 illa,
1015 1792 1080 1845 et
1125 1786 1272 1867 quis
1315 1785 1551 1868 poterit
1594 1784 1839 1846 mederi
1880 1784 2259 1847 vulneribus
2302 1783 2593 1847 dolorum
2636 1776 2979 1845 meorum?

641 1897 714 1950 et
755 1888 1052 1970 mitigare
1092 1891 1457 1972 angustiam
1517 1888 1816 1952 misellae
1877 1889 2100 1952 matris
2158 1885 2353 1952 tuae?
2419 1886 2586 1951 Cum
2646 1885 2991 1970 inspiciam

645 1991 845 2058 fllium
914 2009 1125 2054 meum
1191 2007 1263 2057 ut
1330 1994 1656 2076 leprosum
1717 1993 1994 2076 sactum,
2072 1993 2182 2077 qui
2234 1996 2575 2076 speciosus
2627 2009 2777 2055 eras
2830 2010 2990 2075 prae

647 2095 946 2159 omnibus
999 2094 1155 2161 filiis
1209 2098 1573 2180 hominnm3
1646 2106 1719 2160 ut
1788 2098 2148 2164 maleficum
2201 2106 2268 2161 et
2308 2117 2488 2162 reum
2541 2115 2689 2162 cum
2746 2098 2989 2182 iniquis

647 2200 1055 2284 deputatum,
1101 2202 1213 2285 qui
1274 2212 1541 2266 sanctus
1584 2212 1958 2267 sanctorum
1999 2221 2093 2267 es.
2183 2203 2270 2266 Et
2320 2221 2517 2287 super
2574 2203 2793 2267 omnia
2832 2202 2987 2267 mihi

647 2306 1081 2372 intolerabilia
1123 2316 1188 2369 te
1230 2324 1425 2371 cerno
1469 2307 1653 2372 velut
1692 2308 1962 2371 oblitum
2015 2308 2144 2372 mei
2158 2353 2180 2392 ,
2240 2307 2483 2372 viduae
2521 2308 2746 2372 matris
2814 2316 2983 2371 tuae.

651 2413 805 2478 Jam
847 2430 1040 2496 ecce,
1075 2412 1211 2494 jam
1254 2415 1572 2497 moriens,
1617 2421 1689 2476 et
1743 2412 1905 2477 nibil
1944 2413 2100 2478 mihi
2151 2414 2338 2478 dicis.
2421 2412 2508 2476 Et
2548 2413 2704 2496 quid
2749 2413 2986 2477 faciam

657 2535 783 2601 ego
826 2517 971 2581 sine
1016 2526 1082 2578 te
1123 2516 1255 2580 mio
1297 2513 1490 2582 meo?
1555 2515 1703 2596 Quo
1764 2516 2097 2581 divertam.
2180 2516 2290 2581 Ad
2330 2537 2524 2603 quem
2564 2514 2986 2601 confugiam?

654 2621 756 2685 'l'u
799 2621 956 2686 mihi
995 2630 1215 2704 pater3
1259 2631 1331 2685 tn
1384 2622 1538 2686 mihi
1584 2621 1816 2705 irater3
1859 2631 1931 2686 tu
1971 2641 2118 2690 moa
2155 2623 2387 2706 gloria.
2473 2623 2531 2687 0
2574 2642 2683 2688 me
2723 2621 2988 2687 desola-

655 2730 828 2792 tam!
896 2745 1066 2810 qnae
1107 2732 1357 2790 tantum
1413 2727 1615 2790 fllium
1658 2728 1725 2789 in
1779 2743 1975 2792 cruce
2037 2727 2231 2792 video
2275 2727 2570 2792 deficere.
2659 2726 2718 2790 Ο
2762 2745 2989 2791 aman-

656 2832 908 2896 tissime
945 2831 1071 2914 fili,
1117 2831 1386 2914 loquere
1424 2832 1580 2894 mihi
1620 2833 1808 2894 matri
1852 2841 2034 2915 tuae,
2090 2840 2165 2895 ut
2202 2831 2461 2897 audiam
2510 2851 2739 2897 vocem
2784 2839 2986 2914 tuam,

655 2945 733 3001 nt
773 2936 1129 3010 sic,saltim
1173 2935 1448 2999 audiens
1487 2937 1694 2998 verba
1737 2944 1852 3002 tna
1890 2937 2237 3019 patientior·
2270 2937 2421 3001 flam
2451 2937 2537 3000 ad
2565 2935 2990 3019 tolerandam,

655 3059 827 3124 qaae
869 3058 972 3102 me
1013 3042 1265 3103 cruciat
1307 3057 1427 3123 pro
1469 3058 1689 3104 amore
1745 3049 1858 3104 tuo
1900 3060 2209 3125 poenam,
2263 3059 2350 3106 ne
2392 3042 2689 3108 deficiam
2748 3042 2819 3105 in
2860 3041 2995 3104 hae

656 3144 968 3209 indtoihffi
1009 3143 1434 3208 tribulatione.
1521 3144 1649 3209 Cui
1699 3164 1945 3230 quaeso
2005 3165 2109 3210 me
2148 3148 2501 3232 orphanam
2544 3141 2992 3229 ‹10oeanan

656 3249 814 3330 His,
868 3257 934 3310 et
990 3247 1307 3311 similibus
1378 3250 1948 3315 lamentationibus
2005 3251 2073 3315 in
2139 3253 2269 3317 boe
2322 3253 2466 3317 beo
2519 3253 2732 3336 virgo
2770 3251 2987 3316 Maria

653 3352 1086 3416 calamitatem
1148 3353 1265 3417 filii
1321 3355 1425 3417 sui
1485 3362 1550 3416 et
1603 3373 1789 3418 snam
1850 3355 2145 3420 deflebat.
2245 3356 2459 3434 Quam
2526 3357 2703 3421 filius
2754 3355 2992 3422 videns

658 3456 852 3521 dixit:
896 3456 1155 3540 mulier,
1199 3475 1358 3522 ecoe
1400 3458 1575 3524 filius
1630 3469 1801 3526 tuus.
1890 3459 2237 3543 Compassi
2276 3479 2437 3545 ergo
2478 3479 2706 3526 sumus
2747 3463 2819 3525 in
2860 3461 2989 3524 boc

657 3561 800 3625 loeo
843 3563 1029 3628 matri
1040 3608 1061 3646 ,
1095 3563 1270 3627 siem
1307 3566 1376 3627 in
1417 3573 1635 3629 monte
1678 3563 2025 3628 Calvariae
2056 3566 2217 3635 mio.
2300 3566 2439 3631 Sed
2476 3576 2545 3629 et
2583 3566 2714 3649 ipsi
2753 3566 2988 3629 Evan-

533 3681 542 3696 ·
654 3667 961 3752 gelistae,
1007 3671 1117 3753 qui
1159 3669 1228 3733 in
1265 3678 1445 3734 unta
1485 3670 1843 3734 afflictione
1882 3671 1971 3733 ibi
2012 3675 2249 3754 stabat,
2288 3680 2533 3755 quanto
2576 3687 2797 3734 amore
2835 3687 2994 3752 prae

657 3775 933 3836 caeteris
975 3773 1312 3857 flagrabat.
1400 3774 1684 3839 Stabant
1725 3786 1935 3840 autem
1982 3777 2176 3841 beata
2213 3775 2459 3859 Virgo,
2522 3784 2589 3839 et
2627 3774 2995 3855 Johannes,

658 3883 725 3938 et
766 3875 911 3958 alii,
964 3896 1094 3940 non
1135 3879 1256 3943 snb
1303 3879 1586 3946 brachiis
1628 3883 1845 3946 crucis
1905 3897 2106 3966 super
2146 3898 2407 3966 rupem,
2476 3879 2601 3945 sod
2642 3880 2768 3946 snb
2812 3896 2994 3963 rupe,

659 3988 882 4045 contra
918 3979 1163 4047 Christi
1206 3984 1464 4048 faciem.
