3242 5259
1723 316 1869 382 Μ

791 497 1001 585 (10⁵
1020 500 1126 578 A)
1183 499 1613 584 Sepulchrum
1667 488 2058 588 dominieum
2122 496 2599 582 descripturus,
2658 495 2960 581 quamvis

623 627 770 672 non-
820 609 911 671 sit
972 623 1107 670 res·
1136 622 1410 688 magnae
1483 604 1971 688 importantiae,
2034 601 2485 672 diffletsstatem
2539 611 2756 665 tamen
2829 618 2963 664 non

628 731 890 798 parvam
934 712 1147 795 patior
1188 711 1256 773 in
1298 728 1378 773 ea
1423 730 1494 773 re
1513 754 1534 793 ,
1578 698 1649 771 et
1684 709 1811 775 hoe
1852 716 2112 791 propter
2154 706 2602 790 diversitates,
2665 723 2836 791 quae
2878 703 2962 767 de

626 818 751 882 hoe
811 817 1217 899 reperiuntur
1272 815 1339 877 in
1399 813 1637 877 libellis
1696 814 2198 895 peregrinorum.
2297 812 2384 874 Et
2439 813 2634 874 etiam
2697 816 2976 893 propter.

625 923 775 987 hoo·
793 920 1078 993 libenter-
1116 918 1261 1001 ejus
1307 918 1795 1002 dispositionem
1840 904 2145 980 fratrib'us
2189 916 2352 980 meis
2407 914 2661 979 tradere
2720 913 2961 977 vellem

624 1027 787 1091 adeo
833 1024 1030 1089 clare.
1053 1024 1121 1087 in
1165 1023 1449 1115 seriptis,
1491 1025 1668 1086 sieut
1710 1040 1834 1104 ego
1875 1019 2012 1097 ,vidi
2054 1020 2281 1085 oeulis.
2334 1018 2525 1099 Quod
2569 1027 2671 1082 est
2711 1018 2963 1100 impos-

623 1129 847 1214 sibile,
904 1148 1052 1193 oum
1098 1147 1375 1193 neeesse
1414 1129 1537 1212 sit,
1599 1146 1705 1190 me
1748 1127 1898 1211 plus
1939 1125 2048 1190 vel
2092 1126 2304 1187 minus
2361 1125 2649 1188 seribere
2692 1121 2775 1185 de
2813 1120 2960 1207 hoo,

624 1254 820 1324 quam
860 1232 1155 1298 viderim.
1241 1233 1695 1316 Principaliter
1731 1234 1951 1296 tamen
1989 1230 2073 1294 de
2113 1230 2239 1294 hoe
2278 1232 2400 1294 tria
2442 1226 2735 1293 dicenda.

788 1340 840 1410 Ι.
887 1335 1098 1416 Quale
1141 1338 1335 1402 fuerit
1377 1338 1764 1402 dominicum
1807 1337 2219 1423 sepulchrum
2262 1343 2572 1418 tempore,
2605 1351 2734 1416 quo
2773 1331 2842 1395 in
2881 1347 2964 1393 eo

627 1444 750 1508 fluit
779 1461 1027 1527 eorpus
1070 1441 1332 1507 Domini
1377 1444 1677 1508 locatum.

793 1549 874 1611 11.
897 1614 902 1621 ,
922 1545 1137 1626 Quale
1176 1547 1337 1613 illud
1377 1550 1502 1633 sit,
1543 1548 1720 1634 quod
1763 1545 1951 1611 modo
1995 1553 2161 1630 stat,
2222 1543 2398 1630 quod
2439 1545 2851 1611 visitavimus
2895 1551 2963 1606 et

628 1653 1113 1724 honoravimus,

791 1760 906 1827 111.
951 1759 1061 1821 An
1100 1756 1262 1822 illud
1304 1757 1715 1842 sepulchrum
1752 1758 1842 1822 sit
1884 1758 2076 1841 idem,
2116 1758 2184 1821 in
2227 1756 2397 1841 quod
2423 1755 2738 1822 Dominus
2757 1753 2964 1818 Jesus

630 1862 754 1926 fuit
792 1863 1095 1946 posituse„
1149 1862 1236 1926 Et
1273 1863 1341 1924 in
1381 1863 1503 1932 illo
1537 1863 1810 1928 artieulo
1853 1871 1987 1928 stat
2027 1870 2164 1926 tota
2207 1861 2575 1927 difficultas.

806 1964 1046 2044 Quoad
1082 1967 1378 2052 primum,
1422 1966 1784 2050 sciendum,
1819 1967 1993 2051 quod
2035 1967 2227 2031 facile
2257 1977 2358 2031 est
2388 1968 2546 2030 dare
2578 1963 2962 2046 intelligere,

633 2071 830 2157 quale
868 2070 1066 2135 fuerit
1122 2069 1512 2136 dominicum
1574 2070 1993 2154 sepulchrum
2059 2081 2347 2157 tempore
2410 2073 2631 2137 mortis
2693 2066 2961 2133 Christi.

629 2174 777 2242 Noe
816 2175 1541 2260 patitur-difficultatem
1577 2177 1644 2239 in
1684 2195 1785 2260 eo,
1821 2178 1932 2262 qui
1970 2178 2270 2260 antiquas
2309 2179 2678 2264 sepulturas
2708 2174 2960 2239 illarum

631 2292 948 2355 terrarum
991 2279 1192 2364 vidit,
1238 2284 1538 2366 quamvis
1565 2301 1670 2346 -ox
1702 2281 1900 2347 dietis
1962 2292 2337 2347 sanctorum
2389 2281 2960 2365 Evangelistarum

628 2386 1014 2469 nou'·possit
1054 2386 1123 2450 id
1164 2387 1342 2451 elare
1381 2387 1645 2470 haberi,
1689 2389 1844 2472 quia
1883 2388 2220 2455 succincte
2261 2398 2330 2451 et
2384 2389 2672 2452 breviter
2713 2384 2797 2447 do
2836 2384 2964 2446 hee

630 2494 993 2577 loquuntur.
1079 2492 1451 2558 Matthaeus
1491 2492 1656 2557 dicit
1710 2511 1854 2579 qap.
1897 2492 2043 2560 22:
2090 2502 2158 2557 et
2201 2502 2464 2576 accepto
2513 2509 2783 2575 corpore
2835 2487 2965 2552 Jo-

630 2597 1114 2683 seph-involvit
1154 2597 1316 2661 illud
1357 2599 1427 2661 in
1480 2596 1760 2667 sindone
1802 2597 2076 2682 munda,
2141 2608 2206 2662 et
2249 2601 2467 2682 posuit
2507 2596 2665 2661 illud
2707 2598 2775 2658 in
2819 2611 2964 2657 mo-

630 2710 939 2773 numento
1002 2721 1153 2767 suo·
1187 2722 1359 2769 novo
1377 2749 1400 2790 ‚
1465 2704 1641 2788 quod
1700 2683 2036 2777 eiciderat
2105 2705 2173 2771 iu
2232 2712 2447 2788 petra,
2526 2711 2595 2766 et
2672 2698 2967 2764 advolvit

631 2828 866 2876 saxum
906 2828 1217 2894 magnum
1257 2807 1342 2872 ad
1382 2809 1617 2872 ostium
1656 2809 2073 2897 monumenti.
2098 2809 2383 2873 -Marous
2419 2828 2578 2872 vero
2622 2824 2766 2888 oap.
2804 2804 2961 2868 XV.

633 2914 821 2980 dimit:
847 2914 1121 2999 -Joseph
1161 2923 1489 2978 mercatus
1528 2914 1878 2979 sindonem
1932 2923 1999 2978 et
2071 2912 2408 2998 deponens
2469 2932 2617 2977 eum
2689 2908 2969 2974 involvit

633 3019 944 3099 sindone,
987 3027 1055 3081 et
1092 3019 1309 3102 posuit
1351 3011 1503 3082 eum
1542 3021 1611 3082 in
1653 3028 2098 3101 monumento,
2163 3018 2335 3103 quod
2384 3029 2520 3083 erat
2563 3020 2854 3082 excisum
2896 3016 2968 3076 in

631 3131 851 3221 petru²
922 3129 987 3186 et
1028 3119 1114 3185 ad
1156 3120 1370 3186 volvit
1419 3119 1701 3205 lapidem
1758 3122 1842 3186 ad
1902 3124 2138 3187 ostium
2200 3126 2610 3189 monumenti.
2689 3124 2777 3186 Et
2818 3138 2963 3203 cap.

630 3217 814 3299 XVI.
875 3224 1029 3289 dicit
1087 3224 1170 3288 de
1226 3225 1445 3308 lapide
1510 3225 1851 3290 advoluto:
1938 3238 2077 3291 erat
2133 3231 2372 3314 quippe
2414 3245 2691 3314 magnus
2734 3226 2963 3308 valde3

633 3338 702 3392 et
741 3330 1151 3394 introeuntes
1212 3329 1280 3392 in
1338 3339 1827 3396 monumentum
1863 3332 2168 3398 viderunt
2201 3334 2513 3417 Juvenem
2556 3343 2685 3402 eto.
2744 3332 2966 3394 Lucas

634 3444 849 3498 autem
892 3452 1035 3518 eap.
1080 3434 1319 3498 xxm.
1368 3433 1551 3498 dicit:
1606 3434 1860 3519 Joseph
1902 3439 2087 3535 petiit
2123 3455 2361 3522 eorpus
2401 3438 2602 3522 Jesu,
2649 3445 2717 3500 et
2758 3435 2966 3519 depo-

631 3540 823 3604 situm
867 3540 1143 3604 „involvit
1192 3544 1256 3604 in
1292 3544 1580 3624 sindone,
1608 3556 1668 3604 ot
1716 3545 1937 3624 posuit
1978 3563 2126 3608 eum
2166 3545 2235 3608 in
2259 3551 2675 3609 monumento
2715 3543 2964 3624 exciso,

631 3648 695 3708 iu
743 3664 867 3728 quo
911 3648 1196 3712 floridum
1240 3652 1580 3732 quisquam
1628 3649 1878 3728 positus
1913 3649 2143 3714 fuerat.
2189 3651 2278 3713 Et
2314 3648 2726 3734 cap.xx1V.
2756 3645 2964 3710 dieite

631 3752 937 3812 mulieres
983 3752 1364 3816 imnum-unt
1428 3752 1700 3836 lapidem
1770 3754 2131 3819 revolutum
2175 3771 2215 3816 a
2256 3761 2696 3837 monumento,
2749 3761 2819 3814 et
2855 3751 2966 3813 in-

631 3872 903 3936 gressae
967 3876 1091 3916 mm
1155 3860 1540 3920 imminerunt
1612 3876 1846 3940 corpus
1905 3859 2165 3924 Domini
2192 3917 2201 3923 .
2231 3857 2416 3922 Jesu.
2499 3860 2583 3922 Et
2626 3859 2693 3920 in
2739 3853 2966 3920 eodem

631 3960 875 4040 capito:
919 3960 1151 4024 Petrus
1196 3980 1476 4044 surgens
1520 3965 1802 4026 cucurrit
1846 3964 1930 4028 ad
1970 3972 2482 4048 monumentum,
2538 3970 2606 4026 et
2660 3978 2967 4046 procum-

627 4064 791 4124 bens
839 4064 1003 4128 vidit
1047 4068 1448 4148 linteamina,
1496 4072 1704 4148 posita
1752 4066 1907 4132 solo.
1987 4069 2326 4135 Johannes
2364 4069 2513 4151 plus
2555 4067 2730 4150 dicit,
2772 4083 2967 4150 quam

631 4168 759 4232 alii.
851 4168 927 4228 In
967 4188 1111 4252 cap*
1159 4176 1332 4232 xlx*
1384 4172 1564 4236 dicit:
1640 4181 1823 4236 erant
1865 4179 2083 4238 autem
2123 4175 2191 4238 in
2233 4173 2415 4254 loeo,
2458 4174 2569 4237 uhi
2613 4170 2966 4237 crucifixus

630 4284 763 4356 est,
811 4276 1067 4356 hortus,
1115 4288 1179 4336 et
1224 4276 1288 4336 in
1332 4276 1512 4336 horto
1560 4285 2032 4348 munumentum
2061 4297 2359 4360 novum,-
2397 4279 2465 4340 in
2509 4296 2638 4361 quo
2682 4275 2963 4347 nondum

631 4384 967 4464 quisquam
991 4384 1248 4464 positus
1276 4380 1508 4464 fuerat,
1532 4384 1616 4444 ibi
1644 4401 1803 4468 ergo
1815 4388 2080 4467 propter
2098 4382 2533 4452 Parasoevem
2544 4373 2965 4464 sudsear-um,
