3242 5259
1723 312 2071 433 354¹,

621 503 776 588 quis
817 499 1056 564 domini
1094 498 1398 564 ductores
1439 499 1647 564 nostri
1710 498 1956 562 vellent
2000 516 2122 563 nos
2164 499 2392 563 codam
2440 519 2589 566 sero
2646 501 2716 565 iu
2756 498 2973 565 Beth-

624 606 835 669 lehem
880 604 1139 668 ducere.
1225 603 1522 689 Cumque
1564 621 1793 667 omnes
1838 604 1906 667 in
1960 603 2238 687 plateam
2282 603 2469 686 Syon
2528 606 2969 689 venissemus,
3034 624 3040 629 ·

620 711 990 776 invenimus
1031 710 1120 772 ibi
1162 709 1480 772 asinarios
1522 718 1785 771 nostros
1807 717 2057 771 stantes
2098 726 2245 771 cum
2283 708 2523 792 asinis3
2583 713 2786 773 currit
2838 729 2969 774 au-

618 806 750 880 tem
793 813 1238 897 unusquisque
1279 830 1600 898 quaereus
1656 821 1725 876 et
1766 812 2054 877 clamans
2122 832 2239 896 pro
2303 831 2424 876 suo
2496 814 2781 876 asinario
2801 857 2823 896 ,
2886 822 2966 876 ut

621 919 864 984 (lictum
906 926 1011 981 est
1069 935 1269 1001 snpra
1332 916 1443 980 sol.
1489 919 1594 982 84.
1657 918 1740 984 B.
1800 914 1888 981 Et
1946 919 2229 1001 receptis
2297 917 2502 981 asinis
2543 917 2845 982 stetimus
2894 927 2966 980 et

617 1024 921 1091 ductores
958 1032 1219 1087 nostros
1261 1020 1503 1085 (liutius
1543 1022 2097 1107 exspectavimus,
2138 1020 2399 1084 tandem
2441 1029 2659 1087 autem
2698 1021 2841 1085 sole
2893 1022 2966 1085 in

616 1148 922 1195 occasum
964 1135 1281 1210 vergente
1322 1135 1645 1189 venerunt
1685 1129 1931 1210 tristes,
1973 1126 2288 1208 dicentes,
2336 1125 2510 1210 quod
2544 1124 2628 1189 (le
2660 1125 2965 1190 Sodom‘n

613 1244 683 1298 et
722 1232 1176 1307 solitudinibus
1215 1230 1526 1295 Jordanis
1568 1231 2101 1329 adscendissent·³
2130 1231 2197 1293 in
2277 1231 2657 1295 Bethlehem
2699 1229 2964 1297 Medin-

613 1341 809 1424 nitse,
852 1338 1109 1402 Arabes
1152 1346 1217 1431 et
1258 1336 1550 1420 Beduini‚
1594 1354 1867 1421 nosque·
1888 1336 1976 1399 ibi
2019 1342 2480 1417 exspectarent
2508 1380 2531 1421 ,
2597 1344 2670 1405 ut
2711 1344 2963 1399 armeta

612 1463 809 1509 mauu
842 1443 1033 1507 nobis
1075 1452 1416 1515 occurrant
1451 1440 1534 1505 ad
1570 1440 2011 1527 spoliandus-3
2052 1438 2297 1505 idcirco
2346 1440 2473 1504 hec
2510 1443 2660 1505 vice
2700 1459 2967 1509 manere

613 1549 682 1612 in
735 1548 1107 1614 Jerusalem
1166 1550 1446 1619 necesse
1499 1536 1737 1631 Gorets
1757 1558 2095 1631 quousque
2153 1545 2430 1630 populus
2488 1546 2601 1608 ille
2652 1563 2855 1628 rapax
2916 1562 2961 1606 s

612 1653 998 1717 Bethlehem
1057 1652 1374 1725 ffrsoedas.
1413 1628 1436 1653 ’
1472 1653 1559 1715 Et
1607 1653 1710 1747 ‘ita
1763 1650 2070 1715 reductae
2122 1658 2277 1714 sunt
2331 1652 2586 1715 bestiae
2638 1651 2706 1714 in
2766 1666 2958 1712 suum

611 1757 841 1840 locum,
883 1774 1005 1820 nos
1045 1776 1207 1821 vero
1241 1756 1655 1823 visitavimus
1694 1765 1762 1821 et
1802 1758 2219 1820 circuivimus
2276 1757 2419 1822 loca
2485 1763 2720 1818 sancta
2761 1771 2955 1816 mon-

607 1863 694 1926 tis
731 1861 938 1944 Syon,
962 1870 1030 1923 et
1040 1860 1235 1942 juxta
1263 1859 1482 1925 locum
1507 1860 1850 1924 divisionis
1867 1861 2305 1944 apostolorum
2329 1860 2570 1925 diutius
2601 1858 2957 1934 oravimus,

605 1967 793 2051 qu'us
835 1966 1117 2029 instabat
1157 1963 1537 2027 solennitas.
1585 1963 1691 2027 De
1730 1965 1856 2027 hoc
1891 1965 2037 2028 loco
2077 1965 2235 2029 vide
2276 1964 2384 2029 fel.
2436 1965 2580 2033 104.
2621 1961 2705 2025 A,

777 2068 947 2134 Cum
982 2068 1085 2133 sol
1125 2077 1342 2133 autem
1384 2066 1756 2152 occidisset,
1794 2067 2267 2133 descenderunt
2310 2069 2631 2154 peregrini
2671 2067 2756 2130 ad
2795 2067 2960 2131 hos-

605 2174 807 2259 pitale
845 2190 1034 2239 suum
1076 2193 1193 2257 pro
1233 2173 1490 2258 quiete,
1535 2174 1719 2239 multi
1779 2181 1998 2237 tamen
2046 2184 2421 2239 manserunt
2486 2175 2818 2237 nobiscum
2881 2172 2949 2235 in

606 2289 824 2344 monte
889 2278 1073 2362 syon
1138 2280 1543 2343 celebrantes
1611 2279 1948 2342 nobiscum
2005 2281 2271 2363 vigilias
2330 2283 2397 2347 in
2456 2281 2617 2343 locis
2681 2279 2951 2373 sanctis.

601 2382 828 2459 Media
868 2384 1038 2447 enim
1095 2393 1287 2448 nocte
1338 2385 1743 2447 surreximus
1806 2402 1955 2447 cum
2022 2384 2327 2451 fratribus
2381 2384 2467 2449 ad
2524 2383 2946 2449 matutinales
2986 2406 3027 2433 ⁴·-

587 2456 871 2573 'laudeffi
934 2489 1171 2573 quibu
1223 2484 1482 2552 diuitis·
1517 2490 1882 2572 incepimus
1928 2489 2267 2553 celebrare
2320 2490 2569 2555 Missas
2633 2488 2948 2572 privatas,

602 2594 1052 2681 unusquisque
1091 2593 1160 2657 in
1200 2592 1347 2661 loco
1387 2590 1511 2657 sibi
1563 2593 1805 2676 placito
1860 2610 2075 2677 usque
2112 2592 2211 2658 ad·
2244 2594 2718 2678 crepusculum.
2822 2592 2953 2656 Die

601 2707 819 2763 autem
837 2698 991 2764 XV.
1018 2696 1461 2782 illucescente,
1504 2707 1850 2782 antequam
1875 2701 2153 2763 oriretur
2168 2700 2297 2782 sol,
2327 2698 2802 2781 descenclimus,
2828 2715 2953 2762 nos

600 2806 715 2888 qui
758 2822 1017 2870 eramus
1055 2805 1125 2887 in
1166 2782 1386 2877 dente
1405 2804 1616 2887 syon,
1656 2806 1725 2869 in
1762 2800 2106 2893 hespitale‚
2148 2814 2220 2877 et
2238 2805 2537 2870 dominos
2570 2807 2950 2888 peregrinos

604 2908 842 2972 fratres
883 2917 1148 2974 nostros
1187 2911 1624 2974 excitavimus
1669 2909 1752 2973 ad
1795 2909 2333 2995 peregrinandum
2356 2954 2377 2993 ,
2422 2912 2658 2994 quibus
2700 2910 2947 2993 paratis

603 3011 685 3075 de
723 3013 1038 3095 hospitali
1076 3014 1422 3095 exivimus,
1466 3024 1531 3077 et
1574 3015 1773 3097 aliqui
1805 3013 2038 3078 fratres
2078 3017 2316 3081 mouth
2358 3014 2543 3098 Syon
2584 3015 2954 3097 nobiscum,

600 3123 667 3178 et
723 3115 999 3181 Calinus
1049 3118 1434 3200 Elphshsllo
1502 3116 1906 3182 sarracenus
1969 3136 2115 3181 cum
2163 3119 2392 3184 baculo
2455 3121 2712 3187 salvum
2782 3137 2951 3182 con-

601 3217 863 3285 ductum
931 3217 1078 3302 (B)
1123 3231 1467 3303 praestans
1547 3232 1614 3284 et
1681 3241 1919 3305 pueros
1979 3242 2247 3308 arcens,
2308 3244 2395 3289 ne
2450 3240 2574 3289 nos
2628 3218 2949 3309 lapidibus

595 3322 1000 3405 impeterent.
1112 3320 1434 3389 Venimus
1483 3335 1705 3390 autem
1774 3326 1978 3409 primo
2032 3329 2100 3391 in
2164 3331 2397 3395 atrium
2456 3330 2676 3415 templi
2727 3331 2945 3394 sancti

596 3427 944 3513 sepulchri,
987 3437 1053 3494 et
1092 3430 1181 3495 ibi
1217 3430 1284 3494 in
1325 3430 1490 3514 loco,
1528 3435 1641 3497 ubi
1662 3431 1969 3497 Christus
2012 3434 2133 3497 sub
2184 3452 2379 3498 cruce
2399 3436 2666 3518 cecidit,
2710 3443 2786 3498 ut
2824 3452 2950 3498 su-

596 3537 820 3620 perius
862 3533 1105 3600 dictum
1171 3546 1294 3621 est,
1345 3538 1842 3620 procumbentes
1861 3583 1884 3622 ‚
1961 3537 2394 3623 indulgentias
2450 3540 2779 3624 plenariae
2834 3558 2950 3603 re-

596 3641 929 3707 missionis
969 3645 1343 3728 accepimus
1384 3642 1574 3726 (††)·
1634 3660 1641 3669 ·
2542 3618 2567 3645 '⁸

698 3791 819 3868 De
865 3784 1101 3896 porta,
1150 3805 1366 3871 extra
1407 3774 1617 3894 quim
1705 3795 1844 3871 fuit
1904 3794 2256 3907 Dominus
2299 3795 2534 3872 Jesus
2576 3794 2844 3871 ductus

1480 3913 2037 4014 crucifigendus·

754 4078 1090 4145 Exeuntes
1131 4090 1347 4145 autem
1390 4058 1887 4168 consequenter·
1909 4082 1995 4146 de
2055 4084 2280 4179 templi
2334 4085 2502 4149 atrio
2560 4083 2629 4145 in
2690 4079 2933 4161 vicum,

598 4182 711 4268 qui
767 4182 946 4249 (lucit
1019 4184 1103 4249 (le
1148 4193 1370 4250 monte
1427 4186 1614 4273 Syon
1672 4188 1742 4251 in
1803 4196 2087 4255 montem
2132 4182 2518 4273 calvariae,
2584 4194 2656 4250 et
2696 4183 2781 4250 ‹le
2821 4180 2939 4246 illo

593 4286 768 4353 (lucit
802 4307 921 4375 per
957 4287 1352 4357 descensum
1392 4292 1462 4355 in
1502 4294 1835 4360 civitatem
1876 4312 1997 4379 per
2037 4292 2182 4376 ejus
2225 4292 2688 4379 longitudinem
2705 4336 2726 4375 ‚
2768 4305 2943 4374 quae

593 4403 695 4458 est
761 4395 846 4460 ab
903 4405 1151 4463 austro
1214 4400 1284 4461 in
1349 4397 1754 4484 aquilonem,
1818 4407 1887 4464 et
1949 4398 2218 4464 latitudo
2278 4401 2361 4464 ab
2440 4396 2780 4464 occidente
2870 4395 2939 4458 in

3220 2192 3228 2389 Ι
