3242 5259
1680 271 1807 342 too

591 477 785 546 quem
829 467 1045 530 tamen
1087 475 1209 526 nos
1247 475 1380 522 non
1424 457 1880 546 intelleximus,
1914 469 1983 523 et
2021 476 2322 526 sermone
2361 456 2544 524 finito
2575 459 2645 526 in
2681 459 2942 527 domum

592 575 879 631 nostram
923 566 1176 628 reversi
1220 580 1466 627 sumus.
1611 627 1653 654 ⁸
1756 643 1773 656 ⁸
2404 563 2413 572 '

697 725 708 734 .
761 670 1168 736 Duodecimn
1221 668 1358 751 die,
1426 686 1595 754 quae
1644 667 1750 732 e'st
1803 669 2044 752 Nerei,
2082 665 2425 754 'Achillei,
2489 678 2555 731 et
2610 668 2945 754 Panga-atii

594 773 971 862 martyrum,
1022 774 1477 858 navigavimus
1521 772 1606 837 ad
1646 765 1997 837 'ecclesiam
2044 775 2116 844 S.
2157 774 2542 858 Zachariae,
2572 784 2671 853 ct*
2692 776 2947 839 Missae

592 884 686 945 ibi
723 881 1160 947 interfuimus.
1196 877 1358 940 Post
1384 878 1660 944 Missam
1704 878 2226 943 denuntiavimus
2267 880 2666 950 Abbatissae
2708 897 2942 954 mana-

591 986 775 1052 sterii
816 986 1058 1054 annexi
1101 982 1449 1074 ecclesiae,
1478 993 1819 1069 rogantes:
1863 985 2122 1049 ostendi
2163 984 2355 1048 nobis
2395 983 2723 1070 reliquias.
2770 983 2943 1049 Sunt

591 1093 764 1158 enim
807 1089 1120 1158 moniales
1165 1087 1403 1151 divites
1463 1097 1529 1151 et
1581 1088 1836 1154 nobiles
1901 1092 2066 1153 satis
2120 1090 2488 1173 seculares,
2556 1087 2819 1153 Ordinis
2864 1089 2938 1153 S.

586 1195 945 1261 Benedicti.
1030 1192 1496 1257 Patefecerunt
1552 1201 1768 1257 autem
1832 1195 2022 1259 nobis
2070 1213 2267 1258 unam
2329 1196 2649 1277 tumbam,
2698 1195 2767 1257 in
2808 1213 2943 1280 qua

592 1319 865 1383 corpora
903 1298 1157 1363 illorum
1200 1300 1391 1362 trium
1434 1308 1809 1383 martyrum,
1842 1319 2111 1386 quorum
2156 1300 2299 1363 dies
2335 1308 2496 1383 erat,
2532 1300 2938 1384 quieverunt,

588 1406 707 1469 scl.
753 1403 1137 1470 Sanctorum
1179 1402 1402 1486 Nerei,
1441 1403 1753 1487 Achillei,
1795 1414 1861 1468 et
1900 1404 2250 1488 Pangratii.
2338 1407 2414 1468 In
2457 1404 2586 1467 alia
2626 1414 2940 1487 argentea

589 1509 813 1576 tumba
865 1508 1154 1572 vidimus
1209 1510 1530 1592 integrum
1597 1527 1836 1593 corpus
1898 1509 2294 1592 Zachariae,
2351 1511 2557 1593 patris
2613 1509 2938 1572 Johannis

588 1614 961 1696 Baptistae,
1002 1631 1149 1676 cum
1193 1623 1416 1696 aperto
1460 1634 1604 1697 ore,
1650 1623 1716 1679 et
1749 1615 1939 1698 juxta
1999 1633 2146 1678 eum
2189 1633 2427 1697 corpus
2492 1613 2667 1677 beati
2712 1611 2937 1677 Georii

593 1717 1038 1799 Nazianzeni,
1098 1726 1166 1779 et
1205 1735 1441 1801 corpus
1483 1720 1557 1781 B.
1602 1719 1923 1783 Theodori
1968 1718 2417 1804 confessoris,
2477 1727 2543 1781 et
2584 1737 2821 1802 corpus
2862 1716 2935 1780 S.

593 1821 881 1900 Sabinae
940 1822 1239 1904 Virginis
1295 1830 1361 1884 et
1418 1823 1742 1906 martyris.
1780 1881 1797 1890 ,
1841 1824 2116 1887 Miratus
2181 1833 2398 1888 autem
2451 1824 2545 1887 fui
2600 1823 2684 1886 de
2740 1824 2938 1886 tantis

591 1925 880 2009 reliquiis
923 1925 1099 1988 illius
1142 1926 1501 2010 ecclesiae,
1546 1936 1612 1989 et
1656 1927 1777 1990 suit
1813 1929 1967 1994 mihi
2010 1925 2275 2011 dictum,
2326 1928 2497 2014 quod
2539 1928 2673 1992 filia
2714 1927 2941 2011 cnjus-

588 2030 737 2094 dam
781 2031 1194 2113 Imperatoris
1255 2030 1377 2094 fuit
1417 2031 1506 2098 ibi
1549 2032 1873 2124 quondam
1925 2033 2312 2118 Abbatissa,
2369 2035 2482 2119 qui
2524 2034 2605 2097 ob
2652 2052 2932 2099 amorem

593 2136 767 2200 filiae
832 2153 1102 2218 corpora
1158 2135 1273 2198 illa
1314 2135 1398 2200 ad
1439 2138 1636 2202 istum
1700 2138 1912 2202 locum
1954 2127 2300 2202 transtulit.
2394 2137 2718 2222 Reliquiis
2779 2155 2935 2222 ergo

588 2242 757 2305 visis
797 2249 863 2303 et
906 2239 1302 2305 deosculatis
1345 2245 1594 2307 reversi
1626 2260 1852 2306 sumus
1890 2242 1974 2308 ad
2016 2239 2229 2308 lbcum
2277 2252 2592 2308 nostrum.

770 2345 990 2409 Tertio
1031 2342 1283 2410 decimo
1325 2356 1475 2430 post
1515 2348 1852 2432 prandium
1891 2350 2348 2434 navigavimus
2376 2348 2457 2412 ad
2485 2347 2557 2411 S.
2609 2346 2938 2412 Andream

585 2449 670 2514 ad
713 2448 1217 2514 Carthusienses
1239 2493 1260 2533 ,
1316 2452 1427 2514 ubi
1483 2462 1585 2516 est
1636 2453 2185 2518 solemnissimum
2243 2452 2701 2519 monasterium
2743 2468 2934 2535 mag-

585 2572 778 2638 num3
823 2555 1147 2638 propriam
1188 2573 1517 2641 occupans
1558 2558 1871 2643 insulain,
1931 2568 2206 2644 quatuor
2257 2558 2508 2622 habens
2551 2557 2827 2621 ambitus
2869 2564 2936 2618 et

587 2658 794 2723 cellas
850 2676 1125 2743 magnas
1167 2668 1232 2723 et
1296 2661 1619 2745 pulchras.
1710 2664 1805 2726 Ibi
1847 2662 2071 2747 plures
2131 2662 2564 2746 particulares
2629 2660 2936 2746 reliquias

583 2764 902 2849 vidimus,
981 2774 1053 2829 ut
1110 2765 1378 2848 digitum
1435 2765 1503 2830 S.
1560 2767 1870 2830 Andreae
1925 2765 2264 2849 Apostoli,
2329 2774 2399 2827 et
2463 2765 2797 2828 brachium
2860 2764 2938 2834 S.

580 2869 916 2934 Laurentii
982 2870 1285 2952 martyris
1363 2878 1429 2931 et
1488 2879 1766 2934 caetera.
1867 2872 1955 2933 Et
2030 2867 2268 2932 deinde
2354 2866 2786 2931 remeavimus
2849 2869 2940 2934 ad

580 2972 794 3036 locum
835 2981 1148 3038 nostrum.

751 3073 999 3153 Quarto
1040 3075 1291 3140 decimo
1332 3074 1441 3139 die
1482 3092 1675 3172 ugano
1714 3075 2172 3159 navigavimus
2222 3074 2307 3139 ad
2355 3074 2817 3141 monasterium
2856 3073 2934 3145 S.

583 3179 835 3265 Georii,
874 3198 960 3244 ox
999 3181 1295 3264 opposito
1341 3177 1565 3262 palatii
1602 3178 1674 3242 S.
1715 3178 1926 3244 Marci
1943 3225 1965 3263 ,
2008 3179 2180 3243 ultra
2221 3181 2451 3244 canale
2492 3197 2821 3264 magnum,
2863 3188 2931 3242 et

578 3284 858 3348 Missam
901 3284 984 3348 de
1025 3283 1096 3348 S.
1144 3281 1385 3349 Georio
1429 3288 1678 3349 cantari
1741 3284 2015 3350 fecimus
2068 3287 2420 3351 monachos
2461 3284 2636 3350 illius
2699 3302 2932 3348 mona-

578 3391 795 3473 sterii,
874 3398 941 3452 et
996 3397 1146 3473 post
1185 3388 1463 3452 Missam
1532 3389 1771 3453 multas
1845 3389 2151 3474 reliquias
2225 3389 2650 3453 ostenderunt
2716 3389 2926 3471 nobis,

577 3492 832 3557 scilicet
873 3501 1085 3579 caput,
1115 3493 1445 3557 sinistrum
1483 3491 1813 3558 brachium
1846 3513 1994 3559 cum
2038 3496 2301 3580 integra
2336 3514 2531 3559 manu
2566 3492 2637 3556 S.
2672 3492 2929 3579 Georii3

582 3608 778 3682 caput
842 3602 1038 3664 etiam
1077 3598 1149 3662 S.
1193 3597 1428 3661 Jacobi
1483 3598 1787 3682 Apostoli
1840 3600 2138 3685 minoris,
2190 3609 2257 3663 et
2323 3617 2561 3683 corpus
2607 3602 2932 3682 integrum

578 3697 653 3766 S.
710 3699 896 3768 Pauli
958 3704 1168 3768 Ducis
1217 3704 1953 3792 constantinopolitani,
2028 3714 2094 3768 et
2177 3704 2418 3788 petiam
2487 3703 2570 3766 de
2653 3705 2931 3788 spongia

576 3805 869 3892 Domini,
912 3817 978 3871 et
1021 3808 1150 3872 alia
1188 3807 1410 3892 pluras
1453 3809 1602 3872 istis
1643 3810 1813 3872 visis
1856 3810 2318 3873 remeavimus.
2365 3805 2654 3892 (8921)

748 3910 992 3989 Quinta
1059 3913 1310 3976 decima
1354 3913 1482 3997 die,
1536 3930 1705 3995 quae
1748 3913 1869 3975 fuit
1909 3922 2146 3976 octava
2183 3913 2615 3976 Ascensionis
2650 3911 2932 3997 Domini,

579 4023 645 4080 et
691 4033 899 4099 aeque
953 4014 1266 4101 celebris,
1324 4026 1396 4080 ut
1451 4017 1600 4099 ipsa
1650 4018 1858 4099 prima
1900 4016 2079 4100 dies,
2142 4016 2558 4081 ascendimus
2614 4036 2806 4083 mane
2846 4017 2932 4082 ad

577 4118 651 4183 S.
689 4120 1017 4204 Marcum,
1054 4130 1120 4183 et
1159 4121 1373 4183 Missa
1414 4118 1636 4183 audita
1677 4120 2156 4185 demonstratus
2200 4122 2325 4185 fuit
2366 4124 2552 4187 nobis
2595 4122 2667 4186 S.
2711 4122 2923 4188 unct

576 4225 922 4292 thesaurus
962 4226 1455 4289 inaestimabilis
1495 4225 1562 4288 in
1605 4243 1800 4306 auro,
1855 4227 2145 4308 argentis
2189 4234 2253 4289 et
2297 4227 2621 4310 lapidibus
2678 4230 2925 4313 pretio-

575 4329 875 4400 sissimis.
934 4332 1030 4395 lbi
1074 4331 1354 4396 tumbam
1398 4348 1548 4394 cum
1591 4347 1865 4414 corpore
1905 4329 1985 4395 S:
2016 4331 2259 4397 isidori
2304 4331 2615 4399 vidimus.
2668 4332 2931 4416 Corpus
