3242 5259
1631 357 1713 420 10

508 544 741 601 saneta
782 543 994 598 terrae
1033 537 1505 621 promissionis,
1532 555 1873 601 commune
1915 544 2018 598 est
2059 537 2247 619 quasi
2288 536 2584 599 omnibus
2609 535 2852 601 Christi

508 641 830 706 fidelibus.
884 639 973 701 Et
1007 640 1319 705 audenter
1362 642 1527 728 dico,
1558 643 1734 729 quod
1763 643 1874 706 ille
1910 660 2041 705 non
2069 650 2171 704 est
2190 639 2403 704 fidelis
2426 639 2856 726 Christianus,

510 747 623 832 qui
677 748 804 810 hoe
861 744 1182 809 desiderio
1236 766 1368 810 non
1427 755 1530 811 est
1590 746 1903 831 affectus,
1961 765 2045 811 ex
2091 746 2313 809 verbis
2355 745 2425 809 S.
2472 747 2857 831 Hieronymi

507 852 577 916 in
616 851 900 936 quadam
941 850 1216 933 epistola
1267 852 1349 915 de
1388 853 1528 916 vita
1571 862 1637 914 et
1676 854 1852 916 obitu
1910 847 2186 934 Paulae,
2245 852 2358 932 ubi
2402 850 2590 915 dicit:
2694 853 2858 935 Ejus

508 959 727 1042 gentis
785 955 1082 1019 homines
1151 956 1236 1019 ad
1310 967 1539 1022 sancta
1599 959 1745 1022 loca
1795 977 1925 1022 non
1996 958 2287 1021 veniunt.
2376 955 2597 1047 ‚Quasi
2658 956 2855 1035 dicat,

507 1060 793 1128 Nullius.

676 1164 832 1228 Non
875 1173 1091 1230 autem
1126 1168 1529 1250 propositum
1567 1165 2023 1251 peregrinandi
2060 1176 2163 1232 est
2194 1184 2551 1230 commune.
2611 1160 2856 1226 Omnes

512 1282 772 1354 optant
837 1290 909 1330 33
957 1274 1017 1334 iu
1065 1272 1433 1337 Jerusalem
1479 1273 1743 1357 fuisse,
1793 1281 1860 1336 et
1900 1271 2048 1336 loca
2088 1266 2319 1336 saneta
2365 1270 2634 1335 vidisse.
2721 1269 2857 1333 Sed

516 1382 700 1458 pauci
752 1390 1109 1458 prupnuunt
1158 1377 1283 1441 hoe
1324 1378 1498 1440 velle
1542 1378 1850 1462 facere,
1857 1379 2011 1462 quia
2051 1379 2299 1473 patriae
2331 1357 2751 1457 ,dulcedinem
2793 1383 2858 1437 et

516 1482 788 1542 33113133
869 1474 1191 1566 qnimrsni,
1262 1491 1329 1544 et
1391 1474 1744 1548 amicorum
1807 1483 1918 1565 val
1993 1484 2264 1546 frati-mn
2338 1481 2574 1547 solatia
2645 1482 2856 1563 magis

512 1590 820 1666 diligunt„
869 1606 902 1646 a
961 1590 1192 1666 quihus
1244 1587 1536 1672 elongari
1581 1572 1860 1653 nolunt*
1910 1589 2323 1677 Desiderium
2385 1607 2576 1685 ergo
2589 1585 2858 1653 videndi

512 1694 881 1750 ‚11311331331
929 1694 1081 1750 nihil
1137 1691 1285 1753 facit
1328 1692 1410 1754 ad
1451 1695 2071 1777 peregpnationem,
2112 1694 2233 1757 sed
2276 1692 2431 1763 duni
2472 1695 2621 1777 quis
2631 1683 2857 1756 'habet

516 1814 660 1854 cum
724 1794 945 1854 ιῖῡεᾱίιίι
935 1798 1041 1854 ¹rin
1117 1798 1513 1879 propositum
1576 1788 1868 1880 firmum,
1929 1808 2003 1861 ut
2060 1799 2277 1862 dicere
2333 1800 2578 1880 possit:
2660 1798 2855 1876 Ecce,

516 1902 788 1958 Dumium
849 1902 1049 1984 J33u,
1111 1903 1384 1983 patriam
1439 1903 1738 1997 desero,
1765 1903 2028 1983 callam„
2050 1912 2196 1964 out.
2211 1902 2469 1966 domum
2535 1900 2853 1981 relinque,

517 2003 801 2088 quietem
845 2013 1107 2087 propter
1163 2014 1230 2068 te
1285 2024 1556 2090 sperno,
1613 2004 1851 2071 fratres
1893 2016 1960 2070 et
2001 2009 2246 2071 amieos
2307 2014 2661 2090 postpono,
2725 2003 2854 2075 imo

518 2115 586 2170 et
649 2107 970 2191 meipsum
1058 2109 1312 2213 abnego
1328 2155 1349 2192 ,
1433 2122 1500 2175 et
1569 2129 1848 2193 aninam
1922 2130 2131 2175 meam
2202 2111 2383 2194 odio,
2468 2124 2855 2190 crucemque

517 2213 1058 2319 peregrinationis
1095 2214 1287 2297 tollo,
1326 2224 1393 2277 et
1433 2218 1534 2281 sie
1569 2218 1849 2300 evagari
1887 2218 2208 2302 incipiam.

691 2296 1018 2395 Qua'ntum
1062 2318 1145 2381 ad
1187 2298 1542 2387 secunaum
1602 2322 1952 2386 notandum
2009 2328 2142 2403 est,
2198 2318 2374 2401 quod
2428 2317 2665 2380 vitiose
2706 2314 2855 2399 quis

518 2424 787 2505 evagari
830 2430 1080 2505 potest,
1136 2424 1197 2486 si
1252 2425 1399 2506 ipsa
1449 2429 1751 2510 evagatio
1807 2428 2012 2491 etiam
2066 2423 2149 2487 ad
2205 2423 2350 2513 loca
2403 2430 2663 2505 sancta,
2725 2439 2855 2483 non

513 2527 628 2591 fiat
668 2547 757 2592 ex
798 2526 1092 2591 ordinato
1126 2527 1397 2612 affectu3
1442 2530 1630 2595 Sicut
1673 2530 2043 2617 eujusdam,
2104 2528 2186 2593 do
2226 2547 2356 2612 quo
2418 2527 2652 2592 dicitur
2695 2526 2851 2588 Esa.

512 2629 616 2694 57.
660 2650 729 2699 v.
784 2629 892 2695 17:
948 2632 1156 2706 ‚Abiit
1201 2653 1412 2718 vagus
1455 2637 1522 2700 in
1564 2619 1688 2703 via‘
1739 2637 1953 2702 cordis
2005 2636 2128 2701 sui.
2216 2624 2624 2715 Quicumque
2685 2627 2856 2691 enim

513 2737 914 2822 peregrinari
949 2739 1112 2822 vult,
1140 2749 1214 2803 ιιι
1254 2759 1338 2804 ex
1373 2737 1498 2811 hat>
1526 2741 1593 2821 in
1626 2741 1775 2817 hoe,
1817 2749 1881 2802 et
1926 2760 2009 2803 ex
2044 2742 2170 2804 hoc
2202 2741 2270 2802 in
2312 2737 2486 2801 aliud
2519 2743 2855 2816 evagetur,

516 2841 807 2905 ordinem
850 2863 980 2906 non
1007 2845 1224 2928 habet,
1263 2855 1330 2908 et
1376 2847 1618 2910 virtute
1635 2853 1856 2908 maret.
1902 2845 2223 2925 Evagatio
2269 2844 2439 2903 enim
2481 2838 2856 2920 simpliciter

517 2957 710 3010 sonat
749 2947 1012 3032 vitium,
1069 2958 1135 3012 et
1176 2949 1357 3032 ideo,
1401 2951 1512 3031 qui
1568 2950 2017 3032 peregrinatur
2056 2954 2130 3010 ut
2172 2953 2525 3028 evagetur,
2576 2941 2855 3004 vitiosus

518 3061 661 3136 est,
704 3071 835 3116 non
880 3061 1094 3149 autem
1136 3042 1249 3138 qu⁴i
1287 3063 1626 3137 evagatur,
1652 3044 1740 3115 ἱιι
1781 3052 2243 3135 peregrinetur.
2301 3047 2535 3111 Plures
2576 3062 2857 3127 natuque

524 3158 961 3255 reperiuntur,
1039 3158 1234 3221 etiam
1286 3159 1353 3220 in
1408 3151 1627 3242 qi'ssgte
1689 3142 2006 3240 regulari's
2070 3156 2248 3217 vitae
2319 3153 2671 3235 degentes,
2745 3149 2856 3230 qui

517 3262 732 3324 minus
776 3259 1220 3326 desiderarent
1260 3263 1874 3347 peregrinationem,
1887 3262 1969 3335 .βί
2010 3279 2141 3324 ιιοιι
2183 3258 2496 3323 haberent
2537 3274 2858 3320 annexam

516 3367 990 3449 evagationem.
1077 3369 1236 3461 Nm).
1272 3370 1371 3431 sic
1420 3367 1555 3449 agit
1593 3367 1926 3489 xgirtuosus
1967 3366 2371 3449 peregrinus,
2395 3362 2536 3426 'sed
2570 3359 2857 3455 laigorem

519 3471 972 3554 peregrinandi
1039 3473 1248 3556 subit,
1317 3481 1390 3536 ut
1442 3473 1711 3552 inc‘quat
1778 3472 2074 3553 evagari,
2114 3488 2242 3533 non
2311 3468 2858 3551 simplicum-fut

517 3576 948 3658 vagabundus
1003 3579 1069 3643 in
1133 3579 1482 3661 incertum,
1532 3576 1675 3639 'Ded
1758 3578 2027 3659 evagari
2100 3575 2323 3657 incipit
2396 3583 2541 3656 post
2617 3588 2855 3656 greges

515 3680 836 3745 sodalium
892 3682 1070 3765 ejus,
1142 3692 1405 3766 propter
1475 3681 1651 3765 quod
1707 3679 1791 3744 ad
1858 3679 2398 3764 peregrinandum
2462 3686 2679 3742 motus
2733 3683 2854 3738 est.

516 3784 708 3849 Felix
750 3795 930 3848 certe
985 3787 1302 3870 ejusmodi
1360 3788 1686 3870 peregrini
1743 3787 2066 3870 evagatio.
2153 3784 2335 3848 'l’alis
2378 3786 2551 3848 enim
2594 3781 2857 3865 dignam

517 3891 794 3973 percipit
862 3871 1447 3976 peregrinationem
1508 3912 1853 3975 puerorum
1919 3892 2076 3976 Dei,
2153 3909 2324 3975 quae
2387 3889 2504 3952 tibi
2572 3886 2858 3952 omnium

517 3996 772 4060 charior
813 4006 916 4062 est
956 3998 1105 4081 (B)
1147 4007 1350 4076 terra,
1415 3997 1592 4082 Sapi.
1645 3999 1759 4079 12,
1814 4013 1877 4059 v.
1923 3995 1985 4060 7.
2080 3997 2341 4063 Scimus
2390 3990 2564 4078 quod
2611 3990 2859 4055 sodalis

518 4100 750 4164 dieitur
822 4105 1043 4167 socius
1118 4104 1453 4168 sessionis.
1557 4096 1837 4166 Sodales
1888 4096 2067 4185 *ergo
2138 4099 2385 4166 Christi
2460 4106 2615 4165 sunt
2688 4096 2857 4159 socii

515 4205 831 4270 sessionis
905 4208 1066 4291 ejus.
1171 4206 1358 4287 Quod
1417 4209 1656 4292 optime
1718 4208 2021 4271 convenit
2096 4204 2451 4293 apostolis,
2527 4203 2640 4286 qui
2706 4219 2858 4264 cum

515 4309 778 4375 Christo
814 4330 1056 4396 sponso
1098 4314 1532 4378 consederunt
1577 4313 1644 4374 in
1688 4310 1999 4379 cathedra
2054 4312 2425 4391 doetrinae,
2482 4306 2715 4369 Matth.
2763 4303 2852 4368 V.

514 4436 576 4481 v.
624 4419 682 4483 1.
757 4419 1032 4484 Etcum
1102 4419 1424 4501 sedisset,
1492 4427 1916 4484 accesserunt
1968 4417 2052 4481 ad
2103 4436 2251 4481 eum
2315 4411 2615 4497 discipuli
2683 4411 2849 4495 ejus.
