3242 5259
1637 346 1722 409 44

510 530 851 598 habuimus
865 574 887 615 ,
953 525 1020 594 et
1061 527 1387 596 defectum
1430 545 1677 615 aquae,
1735 531 1927 613 panis
1969 537 2034 592 et
2095 523 2365 592 aliorum
2421 525 2840 611 patiebamur.

509 635 723 721 Ejecti
764 644 980 699 autem
1022 653 1248 700 sumus
1290 655 1408 721 per
1457 635 1751 700 inutilem
1810 644 2077 700 ventum
2117 653 2161 698 a
2199 643 2556 718 conspectu
2622 632 2846 718 Cypri,

512 752 582 807 et
623 743 829 806 tribus
873 741 1102 805 diebus
1160 760 1242 806 ac
1280 743 1580 806 noctibus
1644 740 1887 806 nullam
1945 748 2181 804 terram
2212 738 2536 824 -vidimus3
2595 750 2662 803 et
2702 747 2852 823 post

467 833 637 914 'noc
677 849 913 911 iterum
974 847 1060 911 aa
1101 848 1275 911 latus
1321 848 1528 932 Cypri
1570 846 1768 912 delati
1834 861 2063 910 sumus
2106 845 2189 910 ιιι
2230 854 2488 932 portum
2537 846 2853 929 Paphum,

509 953 597 1019 de
649 974 777 1038 quo
858 953 932 1019 fit
991 954 1239 1017 mentio
1311 953 1534 1016 Actor.
1636 951 1736 1017 13.
1864 950 1948 1016 Et
2027 954 2094 1015 in
2171 951 2281 1015 illo
2360 961 2549 1036 portu
2615 967 2857 1014 neces-

511 1061 687 1123 saria
732 1049 1038 1142 emimus,
1101 1061 1172 1119 et
1214 1057 1406 1122 citius
1465 1056 1546 1120 ab
1604 1075 1682 1119 eo
1740 1055 2166 1139 recessimuS,
2232 1065 2297 1117 et
2338 1055 2649 1120 inutiliter
2707 1055 2857 1117 siue

511 1163 811 1248 profectu
876 1163 961 1227 ad
1030 1163 1202 1227 latus
1275 1157 1479 1245 Cypri
1560 1161 1950 1229 ferebamur.
2057 1161 2169 1224 Ad
2231 1162 2401 1226 haec
2484 1159 2857 1225 diffortunia

511 1270 796 1334 accessit
839 1268 1011 1332 aliud
1049 1266 1247 1332 valde
1287 1267 1498 1337 triste.
1577 1265 1756 1332 Nam
1798 1265 2025 1331 eadem
2066 1275 2261 1331 nocte
2316 1266 2855 1352 gubernatoribus

512 1374 848 1458 occupatis
890 1376 1065 1437 circa
1107 1373 1262 1436 vela
1304 1379 1371 1436 et
1408 1368 1661 1436 Galeae
1703 1372 2152 1457 instrumenta,
2188 1391 2348 1438 ecce
2383 1391 2467 1436 ex
2501 1371 2855 1454 improviso

513 1479 597 1543 de
639 1498 941 1563 supremo
973 1478 1125 1543 mali
1155 1498 1289 1542 una
1323 1478 1612 1542 trochlea
1645 1478 1903 1561 decidit,
1931 1486 1997 1540 et
2026 1481 2335 1563 optimum
2363 1480 2857 1562 gubernatorem

512 1594 792 1667 tangens
836 1585 1139 1666 extinxit,
1177 1581 1259 1647 ad
1302 1585 1491 1668 cujus
1534 1593 1758 1647 nutum
1801 1583 2095 1648 universi
2125 1585 2450 1650 marinarii
2504 1579 2859 1648 Galestreli

511 1698 579 1753 et
602 1689 920 1753 Galeotae
963 1691 1405 1753 movebantur.
1475 1690 1759 1772 Magnus
1790 1686 1959 1751 ultra
2001 1689 2261 1754 modum
2302 1690 2606 1774 planctus
2644 1689 2857 1752 factus

512 1802 616 1856 est
650 1794 716 1856 iu
740 1789 952 1856 Galea
994 1789 1076 1855 de
1100 1802 1306 1857 morte
1345 1792 1520 1856 illius
1552 1794 1710 1857 viri:
1752 1810 1878 1856 nec
1915 1804 2055 1859 erat
2092 1794 2219 1858 sibi
2258 1795 2488 1858 similis
2520 1796 2587 1857 in
2623 1791 2855 1877 Galea,

512 1899 627 1982 qui
667 1897 1054 1961 succederet
1101 1900 1174 1961 in
1207 1898 1424 1962 locum
1466 1898 1633 1982 ejus.
1688 1895 1918 1962 Multis
1961 1907 2177 1963 autem
2219 1900 2448 1963 diebus
2492 1898 2853 1962 taediosam

514 2004 791 2068 fecimus
832 2003 1345 2085 navigationem,
1396 2001 1464 2065 et
1522 1993 1909 2066 Cretensem
1951 2013 2205 2088 portum
2248 2006 2615 2088 optavimus
2656 2003 2857 2066 attin-

514 2127 705 2196 gere,
761 2115 829 2172 et
893 2107 1154 2190 longius
1197 2127 1239 2172 a
1277 2106 1514 2174 Rhodo
1574 2107 1914 2191 recedere,
1985 2108 2104 2172 sed
2151 2128 2379 2192 parum
2442 2108 2854 2194 profecimus.

514 2216 774 2278 Interea
834 2211 943 2278 die
985 2212 1264 2296 quadam
1323 2212 1608 2277 vidimus
1644 2231 1689 2275 a
1730 2212 1925 2296 longe
1987 2229 2187 2298 super
2236 2232 2416 2277 mare
2464 2222 2695 2277 contra
2736 2231 2858 2276 nos

518 2317 797 2385 Galeam
880 2315 1257 2404 praedalem
1331 2326 1819 2402 properantem,
1899 2327 1966 2382 et
2025 2319 2446 2383 vehementer
2506 2319 2859 2401 timuimus,

517 2427 940 2490 aestimantes
982 2421 1122 2505 (1¹7
1144 2422 1254 2506 A)
1301 2424 1557 2486 {furcos
1597 2424 1857 2486 venire:
1901 2423 2021 2487 sed
2066 2421 2217 2488 dum
2270 2426 2618 2508 proximior
2653 2422 2858 2506 fieret,

377 2565 392 2580 ·
489 2532 945 2613 'cognovimus
987 2546 1139 2592 esse
1182 2528 1460 2592 Galeam
1478 2528 1934 2613 Venetiauam,
1979 2539 2044 2593 et
2076 2530 2389 2613 depositis
2430 2531 2648 2612 armis,
2693 2546 2862 2613 quae

517 2634 790 2719 produci
862 2634 1150 2717 jusserat
1227 2634 1548 2697 Patronus
1618 2655 1738 2717 pro
1830 2635 2211 2700 defensioue
2286 2644 2513 2699 contra
2590 2634 2859 2717 Turcos,

520 2736 1077 2818 praestolabamur
1110 2741 1545 2821 praesentiam
1580 2739 1755 2804 illius
1781 2737 2031 2806 Galeas
2051 2738 2135 2803 ad
2161 2739 2549 2803 audiendum
2571 2755 2861 2801 rumores

518 2853 748 2905 novos,
794 2839 981 2919 Quae
1023 2863 1169 2907 cum
1209 2853 1473 2925 praesto
1517 2853 1717 2925 esset,
1762 2844 2197 2912 intelleximus
2223 2842 2502 2905 Turcum
2544 2861 2586 2912 a
2627 2842 2860 2907 Rhodo

521 2963 672 3009 cum
716 2948 1107 3011 exercitibus
1144 2946 1285 3009 suis
1328 2947 1673 3011 confusum
1714 2957 1778 3010 et
1820 2949 2067 3010 victum
2116 2947 2460 3010 recessise.
2546 2945 2655 3008 Ad
2697 2947 2862 3010 haec

522 3067 706 3112 nova
743 3049 985 3132 gaudio
1041 3048 1354 3113 ineffabili
1405 3050 1633 3134 repleti
1699 3069 1956 3133 sumus,
2022 3059 2089 3112 et
2132 3058 2408 3112 rostrum
2480 3043 2733 3112 Galeae
2774 3049 2855 3113 ab

519 3152 752 3215 itinere
797 3163 1027 3237 caepto
1071 3153 1458 3237 avertimw,
1503 3162 1569 3216 et
1611 3153 1694 3216 ad
1736 3152 2040 3217 Rhodum
2077 3152 2365 3216 Insulam
2407 3172 2528 3217 nos
2574 3171 2860 3217 conver-

517 3255 734 3318 timus.
779 3256 889 3319 Ad
922 3275 1115 3341 quam
1145 3264 1363 3319 tamen
1400 3267 1664 3341 propter
1682 3266 2026 3323 ventorum
2054 3245 2372 3322 inutilium
2403 3257 2861 3342 impedimenta

520 3358 589 3422 in
650 3358 869 3424 multis
929 3361 1161 3430 diebus
1229 3378 1359 3423 non
1428 3361 1748 3425 venimus.
1835 3364 1974 3427 Imo
2015 3365 2083 3428 in
2132 3365 2444 3428 terminos
2504 3366 2861 3428 'turcorum

517 3463 788 3548 projecti
828 3483 1089 3548 sumus,
1137 3474 1204 3529 et
1243 3464 1544 3531 aulonem
1600 3467 1923 3551 quendam
1976 3470 2431 3554 navigavimus
2483 3471 2551 3534 iu
2608 3459 2736 3555 quo
2779 3469 2860 3533 ab

518 3577 792 3651 utraque
833 3579 1019 3653 parte
1061 3579 1298 3640 terram
1338 3580 1404 3635 et
1444 3582 1750 3637 montana
1775 3574 2053 3638 Turciae
2102 3574 2463 3640 habuimus.
2505 3578 2861 3639 Innovatus

373 3753 394 3770 ι
517 3682 624 3737 est
682 3674 849 3739 inter
890 3677 1057 3741 haec
1109 3677 1301 3774 timor
1352 3686 1607 3762 noster,
1674 3688 1742 3742 et
1793 3681 2176 3746 timebamus
2197 3726 2216 3764 ,
2275 3679 2448 3765 quod
2502 3680 2694 3744 Turci
2739 3697 2860 3742 nos

515 3778 817 3844 videntes
863 3781 1028 3847 forte
1069 3783 1135 3845 in
1170 3800 1290 3847 nos
1329 3784 1681 3867 saevirent,
1724 3795 1987 3869 propter
2038 3786 2510 3867 confusionem,
2554 3803 2746 3868 quam
2790 3784 2858 3846 in

397 3957 410 3970 ι
515 3881 747 3945 Rhodo
837 3898 1260 3971 acceperant,
1353 3888 1827 3953 vindicandam.
1957 3890 2226 3955 Nullum
2318 3892 2510 3954 etiam
2590 3897 2859 3952 ventum

513 3977 854 4052 babuimus
895 4000 964 4054 et
1018 3993 1497 4057 taediosissima
1559 3993 1978 4074 navigatione
2028 3997 2201 4059 inter
2267 3997 2622 4057 'l'urcorum
2663 4011 2855 4056 mon-

411 4099 434 4126 “
514 4102 665 4154 tana
719 4096 1160 4175 processimus
1179 4141 1199 4179 ,
1263 4098 1448 4180 pigro
1525 4115 1847 4160 remorum
1920 4107 2148 4162 tractu.
2238 4097 2527 4162 Tandem
2584 4096 2853 4161 advenit

315 4211 328 4228 ¹
377 4269 386 4280 .
425 4204 787 4279 'ventus,
876 4199 1112 4282 quinos
1184 4200 1517 4282 liberavit,
1585 4197 1991 4284 Galeamque
2059 4211 2326 4285 repente
2406 4200 2490 4264 ad
2566 4200 2853 4264 Insulam

507 4295 812 4367 Rhodum
885 4302 1176 4387 impulit,
1226 4304 1419 4386 longe
1483 4313 1698 4370 tamen
1752 4319 1800 4368 a
1850 4304 2344 4400 colossensium
2405 4307 2702 4390 civitate,
2770 4303 2852 4369 ad

512 4402 684 4470 latus
739 4417 1180 4512 montanorum
1236 4409 1692 4495 processimus.
1801 4407 1907 4476 Ad
1984 4410 2198 4475 locum
2261 4420 2473 4476 autem
2531 4410 2851 4496 quendam

591 4511 626 4542 κ
707 4541 728 4560 Ι
769 4549 776 4558 ι

533 4587 550 4610 c
585 4561 598 4574 ⁸
627 4585 686 4620 ,a
819 4565 846 4580 “
881 4603 890 4612 .
947 4599 982 4620 ι...
1043 4611 1074 4638 ·
1179 4621 1208 4656 ς.

539 4697 570 4716 .-

509 4725 746 4802 1²⁴·
