3242 5259
1716 365 1846 429 '464

609 551 990 638 supercilio,
1047 548 1180 632 ita,
1219 545 1391 633 quod
1438 545 1742 629 aquilone
1811 553 1882 608 et
1938 544 2187 610 oriente
2251 546 2331 608 et'
2384 551 2606 611 austro
2646 542 2936 607 ‘vallibus

614 655 1070 738 circumdatur,
1113 662 1180 716 et
1217 659 1595 715 recurvatur
1617 658 1851 714 contra
1869 648 2268 714 occidentem
2298 665 2535 713 versus
2557 647 2937 728 Jerusalem,

613 772 680 826 et
722 764 803 825 ab
850 758 1075 823 eadem
1122 767 1303 839 parte
1346 755 1568 818 habuit
1614 755 1886 839 fossata,
1932 771 2151 817 muros
2187 763 2253 818 et
2286 756 2518 833 turres,
2562 753 2732 815 sicut
2758 751 2941 816 hodie

612 869 805 932 etiam
868 872 1066 949 patet.
1163 859 1456 923 circuivi
1510 858 1852 942 oppidum,
1924 866 1990 920 et
2049 858 2370 921 curiosius
2435 856 2601 940 ejus
2643 855 2943 939 perspexi

612 973 828 1036 situm.
917 965 1131 1031 Hodie
1174 983 1333 1028 vero
1374 964 1536 1028 villa
1576 971 1682 1025 est
1722 964 1890 1026 satis
1933 959 2270 1046 populosa,
2330 967 2397 1021 et
2436 979 2558 1023 nec
2601 961 2685 1024 de
2728 966 2943 1048 muris,

614 1093 738 1138 nec
781 1072 863 1136 de
920 1070 1187 1135 fossatis
1226 1076 1491 1150 curant,
1559 1075 1626 1129 et
1687 1068 1890 1151 major
1952 1082 2106 1149 pars
2160 1064 2583 1128 habitantium
2644 1066 2741 1133 ibi
2798 1079 2947 1131 sunt

613 1178 971 1243 Christiani
1011 1171 1383 1255 orientales,
1419 1170 1859 1236 confoederati
1884 1170 2264 1235 sarracenis
2286 1178 2353 1231 et
2379 1169 2571 1233 etiam
2608 1171 2945 1253 Arabibus,

612 1284 902 1347 nutriunt
943 1298 1024 1343 se
1064 1277 1146 1340 de
1187 1293 1356 1346 rure.
1432 1275 1602 1339 Nam
1634 1276 2035 1340 fertilissima
2067 1284 2170 1338 est
2201 1274 2397 1358 gleba
2435 1293 2554 1359 per
2591 1278 2948 1360 circuitum,

614 1387 938 1451 frumento
957 1427 978 1466 ,
1041 1384 1196 1445 vino
1267 1391 1336 1445 et
1395 1381 1539 1445 oleo
1583 1379 1920 1444 abundans
1984 1388 2051 1442 et
2102 1381 2385 1463 pascuis.
2496 1381 2571 1442 In
2627 1380 2949 1445 divisione

613 1500 828 1555 terrae
853 1490 979 1551 111
1019 1487 1313 1550 tribubus
1347 1486 1550 1551 Israel
1595 1483 1829 1548 cecidit
1870 1483 1939 1546 in
1974 1492 2216 1547 sortem
2258 1485 2470 1547 tribus
2486 1484 2730 1568 Judae,
2775 1496 2843 1551 et
2884 1490 2948 1550 in

612 1604 856 1678 partem
903 1592 1339 1655 nobilissimae
1381 1590 1663 1653 familiae
1707 1588 1851 1671 ejus
1896 1588 2103 1651 tribus
2144 1588 2409 1651 Phares.

780 1698 974 1760 Hanc
1047 1696 1374 1758 civitatem
1438 1693 1818 1757 Bethlehem
1898 1692 2287 1756 laudabilem
2354 1693 2641 1757 ostendit
2714 1696 2947 1759 beatus

616 1803 1012 1883 Jeronymus
1057 1799 1276 1863 multis
1320 1798 1599 1882 scriptis.
1682 1797 2082 1880 Speciatim
2062 1817 2127 1861 ιιι
2156 1797 2432 1879 epistola
2465 1796 2548 1860 ad
2570 1799 2945 1863 Marcellam

613 1908 716 1968 sic
780 1903 977 1966 dicit.
1044 1900 1190 1978 Quo
1253 1921 1551 1965 sermone
1594 1904 2021 1968 diversorium
2062 1904 2352 1986 Mariae,
2411 1921 2543 1987 qua
2604 1922 2773 1968 voce
2834 1906 2947 1967 tibi

614 2006 990 2090 speluncam
1040 2005 1402 2070 Salvatoris
1467 2005 1871 2101 exponam?
1894 2010 1979 2073 Et
2039 2018 2217 2072 certe
2276 2025 2627 2092 praesepe,
2694 2011 2763 2070 in
2821 2029 2947 2107 quo

616 2111 970 2176 infantulus
1012 2113 1258 2194 vagiit,
1300 2110 1560 2176 silentio
1615 2115 1826 2200 magis
1870 2133 2060 2199 quam
2076 2102 2355 2177 infirmo
2399 2130 2699 2179 sermone
2739 2114 2946 2177 hono-

617 2215 885 2280 randum
921 2226 1043 2299 est,
1086 2217 1197 2279 ubi
1228 2216 1391 2279 satis
1423 2215 1554 2280 late
1572 2220 1881 2302 porticus,
1904 2221 2218 2284 deaurata
2250 2217 2597 2301 laquearia.
2656 2218 2713 2279 E:
2741 2218 2943 2281 Beth-

618 2318 832 2384 lehem
899 2338 1056 2384 ecce
1127 2322 1193 2383 in
1250 2321 1374 2383 hoc
1415 2341 1614 2404 parvo
1672 2332 1884 2386 terrae
1935 2324 2245 2387 foramine
2287 2323 2612 2387 coelorum
2656 2322 2945 2386 conditor

529 2434 536 2441 ¹
618 2433 814 2488 natus
866 2434 991 2506 est,
1036 2426 1142 2488 hic
1183 2425 1515 2491 involutus
1541 2428 1798 2509 pannis,
1840 2428 1949 2491 hic
1982 2429 2168 2491 visus
2190 2436 2256 2490 et
2277 2427 2581 2492 adoratus
2606 2427 2945 2508 apastori-

619 2532 745 2591 bus
792 2537 857 2591 et
899 2529 1137 2612 Magis.
1220 2531 1305 2592 Et
1346 2540 1526 2613 puto,
1567 2534 1856 2595 sanctior
1898 2533 2079 2596 locus
2125 2541 2231 2595 est
2272 2551 2432 2616 rupe
2472 2530 2737 2614 tarpeja,
2783 2549 2949 2615 quae

619 2632 704 2697 de
763 2633 946 2697 coelo
1023 2633 1287 2715 saepius
1353 2633 1693 2697 fulminata
1755 2637 2115 2709 ostenditur
2148 2636 2296 2700 Deo
2361 2635 2722 2719 displicere.
2830 2636 2951 2697 Est

619 2736 876 2820 quidem
921 2738 1009 2799 ibi
1048 2746 1278 2800 sancta
1319 2737 1601 2800 ecclesia
1643 2748 1709 2801 et
1750 2741 2028 2822 populus
2059 2740 2293 2825 fidelis,
2337 2750 2402 2803 et
2427 2743 2581 2805 urbs
2612 2740 2951 2824 populosa,

619 2840 738 2905 sed
763 2842 1024 2905 ambitio
1045 2841 1262 2923 potius
1280 2839 1406 2923 [2],
1429 2859 1726 2926 magnam
1756 2845 1979 2908 urbem
2006 2844 2215 2909 videri
2244 2853 2312 2908 et
2343 2844 2668 2909 videretur
2691 2843 2952 2907 laudare

622 2956 689 3011 et
733 2945 1126 3010 detrahere·
1182 2948 1258 3008 In
1298 2944 1544 3009 Christi
1586 2957 1803 3012 autem
1842 2950 2001 3015 villa
2041 2960 2179 3014 tuta
2222 2951 2553 3014 rusticitas
2597 2958 2721 3032 est,
2767 2958 2953 3011 extra

514 3059 517 3063 ’
619 3050 908 3134 psalmos
951 3049 1277 3117 silentium
1319 3059 1455 3134 cst,
1509 3056 1918 3137 quocumque
1960 3062 2030 3116 te
2071 3058 2369 3137 verteris,
2425 3056 2664 3118 stivam
2717 3063 2954 3116 tenens

622 3150 879 3235 alleluja
923 3152 1245 3238 decantat,
1282 3152 1530 3218 sudans
1570 3174 1825 3220 messor
1869 3158 2141 3241 psalmis
2183 3176 2260 3223 se
2301 3158 2600 3242 advocat,
2644 3168 2710 3220 et
2752 3164 2959 3221 cu'rva

622 3256 793 3319 falce
830 3257 1172 3321 attondens
1219 3262 1399 3322 vites
1441 3260 1681 3322 vinitor
1720 3255 1937 3339 aliqua
1979 3257 2278 3322 davidica
2320 3258 2512 3324 canit.
2594 3262 2784 3325 Haec
2804 3270 2961 3326 sunt

619 3362 688 3427 iu
731 3364 855 3426 hac
919 3363 1255 3444 provincia
1315 3364 1637 3444 carmina,
1682 3363 1878 3445 haec,
1938 3371 2011 3425 ut:
2046 3362 2247 3446 vu‘lgo
2289 3362 2545 3448 dicitur,
2585 3367 2961 3431 amatoriae

624 3466 979 3532 cantiones.
1061 3466 1251 3530 Haec
1289 3467 1705 3550 Jeronymus.
1792 3466 1867 3528 In
1911 3472 2093 3529 tanto
2152 3470 2360 3550 pretio
2412 3468 2534 3532 fuit
2574 3471 2963 3535 Bethlehem

622 3583 891 3635 sanctae
930 3571 1195 3655 Paulae,
1237 3580 1309 3635 ut
1360 3590 1503 3634 eam
1543 3571 1796 3634 Romae
1838 3570 2224 3654 praeferret,
2268 3581 2335 3634 et
2375 3578 2533 3636 a'uro
2573 3581 2783 3637 tracto
2810 3574 2965 3638 ful-

621 3658 844 3758 genia
881 3676 1175 3740 informis
1216 3675 1334 3739 luti
1391 3675 1644 3740 vilitate
1691 3676 2002 3759 mutavit,
2064 3684 2135 3738 ut
2188 3676 2414 3759 inquit
2438 3675 2845 3760 Jeronymns
2896 3678 2965 3741 iu

623 3780 896 3862 epistola
931 3780 998 3842 in
1040 3781 1243 3844 vitam
1285 3789 1351 3843 et
1386 3780 1629 3843 obitum
1664 3775 1738 3845 S.
1759 3778 2022 3843 Paulae.
2101 3779 2205 3842 De
2246 3766 2549 3847 laudibus
2572 3780 2965 3845 Bethlehem

621 3885 980 3966 composuit
1041 3883 1150 3947 ille
1192 3883 1596 3968 Sophronias
1650 3884 1753 3946 vir
1807 3881 2284 3948 eruditissimus
2343 3894 2635 3948 ornatum
2701 3885 2965 3967 librum,

620 3996 690 4051 ut
733 3986 1130 4070 Jeronymus
1190 3987 1271 4050 de
1323 3990 1485 4051 viris
1551 3986 1909 4050 illustribus
1973 3986 2191 4050 refert.
2294 3986 2425 4064 oui
2478 3990 2677 4051 etiam
2736 3991 2968 4055 omnia

618 4090 959 4172 Jeronymi
1001 4108 1199 4173 opera
1240 4089 1322 4153 de
1358 4090 1658 4153 Hebraeo
1698 4091 1767 4153 in
1787 4091 2092 4153 Latinum
2130 4091 2446 4154 translata
2494 4092 2837 4155 transtulit
2877 4092 2966 4155 de

620 4194 853 4257 Latino
873 4193 939 4254 iu
965 4191 1310 4257 Graecum.
1395 4194 1642 4258 Beatus
1666 4194 1906 4264 Bernh.
1927 4194 1996 4257 in
2030 4211 2333 4259 sermono
2361 4193 2447 4257 ad
2465 4194 2704 4258 milites
2729 4195 2963 4278 templi

621 4295 960 4383 plurimum
1004 4296 1413 4362 commendat
1452 4298 1830 4363 Bethlehem
1877 4296 2251 4367 natixfitatis‘
2279 4297 2539 4363 Βοωίιιί
2566 4299 2814 4365 docum.
