3242 5259
1721 365 1845 432 icc

614 550 735 619 sed
777 568 898 619 nos
934 566 1144 636 usque
1177 552 1245 615 in
1286 552 1642 616 crastinum
1683 550 1750 613 in
1776 554 1969 634 portu
1992 549 2379 616 mansimus:
2404 549 2577 615 hanc
2599 551 2940 616 civitatem

615 662 941 727 desi-ibam
981 661 1051 722 in
1092 653 1510 741 reditumeo.

706 801 721 807 —
783 765 988 830 Sexta
1042 762 1299 828 decime
1351 762 1457 826 die
1512 769 1671 826 ante
1708 760 1968 846 plenam
2010 760 2220 826 lucem
2262 769 2599 825 traxerunt
2648 761 2951 846 galeotae

611 890 847 938 navem
872 871 1066 934 remis
1088 878 1273 934 extra
1310 877 1565 954 portum
1605 885 1818 953 usque
1858 866 1941 931 ad
1984 886 2185 932 cornu
2211 867 2471 946 montis,
2513 874 2581 930 et
2619 868 2708 931 ibi
2747 876 2949 933 vento

614 995 849 1043 navem
890 974 1327 1040 commisimus
1347 1019 1369 1059 ,
1433 981 1499 1038 et
1538 990 1719 1037 mare
1761 973 2036 1037 maleum
2077 973 2359 1057 ingressi
2378 991 2626 1056 sumus,
2647 983 2949 1057 pertran-

612 1090 879 1147 seuntes
922 1080 1254 1146 civitatem
1289 1075 1613 1143 Coronam
1654 1078 1724 1142 in
1785 1097 1946 1162 rupe
1983 1078 2193 1142 sitam.
2237 1080 2400 1144 Post
2439 1080 2769 1145 meridiem
2789 1080 2952 1143 flare

555 1168 571 1183 ’
612 1189 827 1272 coepit
884 1193 1125 1251 ventus
1196 1184 1382 1249 fortis
1402 1228 1425 1269 ,
1481 1193 1547 1249 et
1619 1186 2001 1250 festinanter
2040 1187 2482 1268 processimus
2543 1186 2628 1250 ad
2691 1184 2949 1250 radices

612 1293 875 1358 Maleae
915 1292 1062 1356 sine
1102 1291 1561 1355 contrarietate
1603 1298 1670 1354 et
1711 1309 1828 1375 per
1869 1292 2343 1379 promouctoria
2387 1291 2534 1374 ejus
2575 1292 2721 1355 sine
2764 1288 2947 1355 diffi-

615 1398 861 1467 cultate
893 1396 1372 1480 navigavimus,
1417 1395 1591 1478 quod
1633 1405 1849 1460 tamen
1889 1414 2033 1461 raro
2076 1397 2412 1482 contingit.
2458 1396 2734 1481 Semper
2775 1392 2946 1460 enim

613 1511 925 1570 occurant
963 1504 1032 1568 in
1073 1502 1217 1566 loco
1260 1500 1370 1565 illo
1392 1498 1807 1566 difficultates
1851 1510 1918 1566 et
1981 1502 2288 1587 pericula,
2329 1512 2401 1566 ut
2420 1510 2599 1586 patet
2640 1500 2751 1565 t'ol.
2803 1498 2943 1566 1¹70.

613 1610 820 1694 partis
882 1607 1230 1673 secundae.
1331 1606 1461 1671 Per
1514 1615 1717 1671 totam
1773 1615 1990 1671 autem
2045 1617 2301 1671 noctem
2364 1626 2515 1672 cum
2586 1606 2699 1670 illo
2740 1613 2940 1670 vento

612 1714 1051 1798 processimus
1069 1721 1600 1796 pertranseuntes
1619 1711 1867 1796 scyllas
1887 1722 1953 1776 et
1988 1713 2293 1797 scopulos
2314 1714 2553 1779 multos
2572 1713 2639 1777 iu
2659 1710 2943 1777 tenebris

612 1835 762 1883 cum
794 1817 966 1881 bona
1007 1817 1284 1882 fortuna.
1370 1816 1585 1881 Valde
1623 1820 1797 1883 enim
1840 1817 2127 1883 difficilis
2167 1827 2272 1883 est
2314 1818 2647 1902 navigatio
2709 1817 2777 1879 in
2832 1814 2946 1878 illa

552 1986 557 1995 ,
613 1922 879 2007 regione
920 1924 1154 2009 maris,
1196 1923 1455 2009 quando
1497 1925 1677 1988 venti
1719 1924 2118 2007 prosperitas
2175 1942 2304 1987 nou
2343 1923 2599 1987 arridet.
2659 1918 2941 2003 (omn)

781 2027 1058 2091 Decima
1098 2029 1376 2113 septima
1411 2029 1515 2094 die
1533 2027 1816 2092 vidimus
1853 2027 2131 2091 insulam
2152 2025 2437 2112 Cretam,
2455 2028 2603 2091 sive
2621 2023 2943 2090 Caudiam

618 2141 732 2197 aut
774 2129 1200 2229 Qeutapolim.
1247 2132 1449 2198 Porro
1498 2141 1649 2217 post
1669 2130 2000 2197 meridiem
2042 2134 2256 2198 factus
2296 2140 2399 2196 est
2425 2141 2666 2198 ventus
2709 2132 2944 2196 remis-

613 2252 732 2302 sus
762 2246 829 2302 et
869 2237 1016 2301 siue
1058 2238 1353 2321 prosectu
1395 2239 1463 2302 in
1504 2239 1811 2303 fluctibus
1853 2256 2027 2303 nuuc
2086 2239 2218 2304 huc
2266 2256 2441 2302 nunc
2495 2237 2651 2302 illuc
2706 2236 2943 2300 volve-

610 2343 858 2425 bamur,
900 2360 1025 2406 nec
1044 2341 1309 2410 Cretam
1351 2344 1465 2409 illa
1505 2344 1613 2411 die
1652 2345 1834 2409 adire
1879 2353 2272 2428 poteramus.
2327 2344 2521 2408 Alius
2579 2351 2792 2407 autem
2821 2359 2945 2425 pa-

615 2456 841 2513 tronus
859 2447 1270 2532 Augustinus
1291 2449 1561 2516 dimissa
1584 2448 1785 2515 Creta
1804 2449 1888 2514 de
1928 2449 2153 2514 Malea
2189 2450 2259 2514 in
2285 2447 2648 2533 Cycladum
2686 2447 2937 2512 insulas

614 2553 972 2638 navigavit.
1068 2553 1314 2620 Noster
1374 2573 1535 2621 vero
1576 2564 1893 2641 patronus
1965 2553 2229 2622 Cretam
2283 2555 2641 2639 praeterire
2717 2552 2943 2633 noluit,

613 2659 768 2743 quia
806 2660 1079 2725 visitare
1118 2658 1447 2726 dominum
1493 2663 1922 2745 patriarcham
1972 2660 2741 2747 constantinopolitanum
2758 2704 2778 2742 ,
2832 2656 2945 2741 qui

615 2764 1239 2849 archiepiscopatum
1280 2775 1649 2832 cretensem
1692 2776 1905 2852 tenet,
1947 2768 2178 2833 voluit.
2283 2766 2466 2832 Idem
2510 2767 2682 2829 enim
2723 2763 2943 2828 Patri-

613 2871 811 2935 archa
852 2879 993 2934 erat
1031 2871 1443 2957 venetianus,
1473 2882 1540 2937 et
1579 2882 1767 2957 pater
1786 2891 1866 2937 ac
1907 2874 2166 2957 genitor
2181 2874 2386 2937 nostri
2405 2871 2695 2957 patroni:
2739 2886 2944 2954 quare

613 2973 939 3040 declinare
979 2975 1063 3039 ad
1104 2975 1281 3040 illam
1322 2977 1599 3042 insulam
1646 2978 1954 3042 decrevit.
2053 2977 2191 3043 Sed
2256 2992 2343 3041 ne
2390 2976 2712 3061 peregrini
2773 2991 2938 3037 oca-

612 3079 862 3143 sionem
903 3088 1128 3144 contre
1168 3099 1316 3145 eum
1358 3083 1794 3146 murmurandi
1857 3102 1942 3146 ex
2001 3083 2127 3147 hoc
2185 3084 2594 3167 acciperent,
2638 3080 2944 3163 exposuit

611 3178 725 3246 illo
766 3182 874 3246 die
913 3202 1112 3255 unum
1154 3187 1435 3251 sericum
1475 3206 1779 3271 pannum,
1822 3186 1990 3250 atlas
2052 3185 2312 3271 dictum,
2366 3184 2485 3252 vl.
2543 3186 2943 3268 ducatorum,

609 3296 683 3351 ut
723 3306 841 3372 pro
882 3306 962 3352 eo
1009 3287 1305 3355 luderent
1346 3310 1495 3356 cum
1537 3292 1800 3355 chartis.
1882 3292 2080 3357 Hunc
2132 3312 2419 3379 pannum
2473 3292 2765 3358 lucratus
2819 3291 2945 3356 fuit

608 3392 927 3459 Dominus
965 3395 1137 3460 Beer
1181 3395 1267 3460 de
1304 3396 1876 3481 Hohenrechberg,
1916 3415 2090 3462 unus
2134 3396 2218 3462 de
2255 3398 2555 3465 Dominis
2591 3399 2773 3463 meis.
2854 3398 2944 3460 Et

613 3496 732 3563 fuit
774 3499 881 3564 die
917 3499 1029 3565 illo
1073 3517 1311 3585 magna
1330 3500 1687 3565 saecularis
1728 3501 1974 3567 laetitia
2012 3503 2082 3568 iu
2103 3503 2297 3589 galea
2333 3515 2597 3591 propter
2639 3504 2935 3568 ludorum

607 3606 1005 3671 varietatem.
1087 3604 1262 3672 Nam
1306 3607 1480 3672 omni
1523 3605 1631 3672 die
1672 3607 1916 3673 flebant
1956 3610 2176 3696 magni
2216 3618 2285 3675 et
2325 3610 2657 3677 criminosi
2709 3606 2846 3673 ludi
2900 3623 2943 3673 a

610 3711 930 3780 nobilibus
970 3712 1039 3775 in
1081 3713 1236 3775 navi
1277 3730 1425 3777 cum
1466 3712 1712 3778 chartis
1754 3725 1820 3778 et
1862 3716 2125 3800 taxillis,
2169 3725 2236 3780 et
2276 3734 2450 3781 nuuc
2488 3715 2600 3781 ille
2637 3712 2939 3799 perdidit,

610 3833 783 3878 nunc
822 3816 950 3879 iste
992 3815 1365 3881 lucrabatur
1385 3863 1404 3901 ,
1455 3828 1522 3881 et
1576 3830 1718 3885 erat
1783 3821 2118 3887 dissolutio
2170 3840 2407 3906 magna
2451 3822 2520 3885 in
2556 3824 2688 3885 ista
2726 3817 2939 3901 galea,

606 3919 755 3981 sine
825 3927 1041 3984 tamen
1111 3923 1655 3994 contentionibus.
1751 3926 1928 3990 Novi
1981 3926 2295 4010 quosdam
2344 3926 2625 4009 juvenes
2686 3919 2941 3984 nobiles

608 4021 866 4108 milites,
910 4025 1020 4106 qui
1062 4032 1305 4092 tantam
1349 4031 1689 4111 pecuniam
1730 4046 1955 4094 secum
2013 4030 2396 4112 attulerunt,
2438 4024 2611 4113 quod
2672 4041 2819 4087 cum
2860 4040 2944 4087 ea

609 4124 692 4188 ad
714 4124 1023 4191 Sanctam
1045 4127 1466 4195 Katharinsm
1489 4132 1765 4216 pergere
1803 4133 2241 4215 intendebant,
2284 4142 2348 4196 et
2371 4128 2822 4196 sufficientiam
2852 4125 2938 4190 ad

603 4230 730 4297 hoc
767 4229 1110 4296 habebant.
1154 4232 1291 4298 Sed
1332 4237 1674 4303 maledicto
1715 4236 1870 4301 ludo
1909 4236 2382 4300 interveniente
2417 4233 2501 4299 ad
2530 4232 2814 4316 inopiam
2869 4241 2940 4297 et

608 4333 933 4401 defectum
975 4349 1328 4424 venerunt,
1368 4342 1463 4405 ita
1510 4340 1685 4427 quod
1751 4358 1880 4406 nou
1942 4348 2241 4424 poteraut
2291 4340 2535 4406 habere
2605 4354 2936 4423 expensas

604 4458 815 4528 usqne
853 4443 923 4506 in
961 4441 1368 4528 Jerusalem3
1404 4443 1530 4509 nisi
1585 4444 1748 4510 socii
1772 4446 1873 4510 eis
1923 4446 2445 4531 concessissent,
2506 4442 2652 4510 sine
2709 4442 2936 4510 militia
