3242 5259
391 501 781 568 Jerusalem.
865 502 1184 589 Tempore
1246 498 1493 568 Christi
1554 499 1681 565 fuit
1734 500 1847 567 hie
1909 500 2217 588 oppidum
2275 503 2619 587 pulchrum
2679 514 2747 569 ot

393 608 770 694 opulentum
784 652 807 692 ‚
850 621 919 672 et
958 609 1030 673 in
1064 606 1503 673 destructione
1537 606 1909 672 Jerusalem
1952 608 2078 674 fuit
2116 614 2191 672 et
2224 608 2441 693 ipsum
2481 607 2746 674 desola-

396 723 551 778 tum.
629 713 879 778 Postea
919 722 1138 780 autem
1181 719 1617 778 restauratum
1660 712 1780 777 suit
1821 732 1941 797 per
1999 714 2293 778 Marcum
2348 712 2746 800 Cornelium,

397 828 465 883 et
545 819 941 884 nominatum
1056 818 1441 903 Nicopolisz
1533 836 1655 902 pro
1726 818 1919 902 eujus
1999 819 2463 884 instauratione
2524 818 2747 884 Julius

397 923 774 990 Affrioanus
837 924 1232 1008 legationem
1283 924 1575 1007 suscepit
1589 968 1612 1008 ‚
1684 932 1759 988 ut
1807 924 1964 989 dicit
2017 925 2418 1009 Jeronymus
2462 923 2546 987 de
2584 925 2747 990 viris

396 1031 781 1097 illustribus.
843 1028 981 1094 Sed
1016 1029 1153 1114 jam
1195 1028 1544 1094 Sarraoeni
1586 1048 1673 1094 ox
1715 1037 1849 1093 toto
1894 1029 2390 1113 destruxerunt,
2437 1038 2508 1094 et
2548 1048 2748 1112 prae-

397 1139 589 1222 cipue
627 1137 978 1202 eoelesiam
1020 1136 1288 1219 hospitii
1328 1132 1612 1220 Christi,
1655 1134 1846 1219 eujus
1886 1136 2112 1200 ruinae
2150 1135 2360 1200 solum
2386 1136 2467 1197 'in
2509 1133 2748 1198 flmda-

400 1245 635 1309 mentis
710 1246 961 1327 patent.
1084 1239 1323 1305 Adhuo
1385 1239 1579 1304 hodie
1628 1248 1809 1305 stant
1869 1258 1988 1324 por
2046 1240 2271 1305 villam
2349 1239 2749 1304 testudinata

397 1349 768 1413 habitacula
807 1347 943 1411 alta
982 1353 1052 1409 et
1092 1362 1332 1430 magna
1371 1343 1688 1429 desolata,
1738 1353 1805 1409 et
1848 1347 2040 1430 pauci
2080 1346 2379 1410 homines
2422 1345 2514 1408 ibi
2556 1343 2749 1408 habi-

399 1457 560 1514 tant.
649 1449 830 1513 Looo
873 1451 1000 1515 hoe
1039 1468 1231 1516 sacro
1275 1459 1621 1535 perspecto
1663 1450 1933 1515 ulterius
1995 1450 2332 1534 progressi
2374 1466 2634 1531 sumus,
2679 1457 2748 1514 et

397 1573 516 1639 per
574 1562 913 1619 montuosa
973 1554 1121 1620 looa
1195 1563 1615 1619 transeumes
1674 1557 1745 1618 in
1823 1555 2101 1620 collibus
2163 1554 2453 1619 vidimus
2518 1555 2746 1618 ruinas

399 1659 743 1724 multarum
806 1660 1201 1744 eapsllarum
1272 1667 1344 1723 et
1388 1660 1811 1725 eeclesiarum
1829 1705 1852 1745 ‚
1920 1668 1987 1723 et
2028 1658 2114 1723 de
2173 1659 2307 1723 alto
2369 1660 2441 1722 in
2498 1657 2746 1721 vallem

399 1763 855 1829 descendimus
869 1811 891 1850 ‚
935 1782 1105 1851 quae
1156 1783 1276 1849 per
1313 1774 1761 1830 transversum
1815 1765 1923 1829 ab-
1960 1764 2268 1849 aquilone
2313 1763 2383 1826 in
2452 1770 2746 1826 austrum

398 1871 750 1954 vergebat,
813 1889 933 1955 per
973 1888 1170 1955 quam
1207 1887 1330 1935 nos
1374 1869 1455 1933 ab
1521 1869 1863 1933 oeeidente
1916 1870 1982 1934 in
2040 1869 2353 1944 orientem
2399 1867 2746 1936 tendentes

397 1972 674 2036 transire
715 1987 992 2035 neeesse
1034 1972 1177 2037 fuit.
1260 1972 1424 2037 Erat
1475 1982 1694 2040 autem
1734 1974 1928 2039 vallis
1966 1973 2384 2040 Therehinthi
2397 2017 2420 2057 ‚
2483 1973 2553 2036 in
2613 1990 2744 2057 quo

396 2075 616 2142 David
658 2076 938 2161 Golyam
973 2077 1310 2160 gigantem
1347 2078 1672 2163 lapidibus
1712 2078 1797 2142 de
1839 2088 2125 2144 torrente
2165 2079 2395 2143 electis
2450 2085 2747 2160 prostra-

396 2182 528 2264 vit,
572 2187 641 2245 et
684 2191 880 2266 eaput
921 2180 1049 2244 sibi
1102 2192 1449 2267 amputans
1489 2185 1559 2249 in
1618 2184 1993 2249 Jerusalem
2056 2183 2218 2248 illud
2278 2183 2422 2248 tulit
2470 2181 2527 2250 1.
2570 2182 2739 2268 Reg.

403 2283 502 2351 1¹7.
583 2288 662 2350 In
704 2286 917 2351 medio
971 2303 1128 2370 ergo
1189 2289 1497 2353 torrentis
1553 2290 1890 2372 stetimus,
1951 2297 2020 2353 et
2063 2289 2188 2353 loei
2245 2288 2741 2371 dispositionem

397 2390 970 2457 consideravimus.
1055 2393 1182 2458 Est
1221 2402 1441 2458 autem
1501 2394 1696 2459 vallis
1737 2393 2008 2477 fertilis,
2075 2402 2144 2457 et
2183 2401 2365 2457 stant
2426 2391 2623 2458 hodie
2671 2395 2742 2456 in

398 2514 480 2560 ea
528 2496 717 2560 multi
760 2496 1152 2562 therebinthi
1221 2508 1287 2562 et
1343 2507 1501 2564 sunt
1561 2502 1830 2564 arbores
1892 2506 2336 2582 praestantes,
2401 2499 2471 2563 in
2545 2497 2745 2583 Syria

398 2604 679 2665 maxime
719 2611 1094 2670 ereseentes
1107 2649 1129 2688 ‚
1168 2606 1449 2668 resinam
1488 2604 1826 2669 sudantes.
1901 2602 2073 2669 Sunt
2113 2613 2328 2669 autem
2370 2606 2441 2667 in
2494 2601 2741 2688 duplioi

404 2709 661 2790 speeie,
711 2708 966 2772 seilicet
1021 2711 1380 2775 masculina
1419 2716 1489 2772 et
1543 2709 1925 2791 foeminIna‚
2015 2715 2086 2771 et
2126 2707 2449 2791 duplioem
2498 2709 2745 2772 habent

399 2808 703 2878 fructum.
783 2812 1120 2877 Masculus
1187 2815 1386 2879 habet
1450 2816 1730 2879 frustum
1774 2811 2007 2876 ruffum
2050 2811 2494 2897 magnitudine
2538 2812 2743 2875 lenti-

399 2914 592 2982 sulae
601 2961 623 3000 ‚
688 2916 773 2981 de
847 2936 980 3003 qua
1040 2936 1243 3003 saepe
1302 2919 1541 2984 multas
1614 2921 1882 2982 arbores
1942 2916 2100 2982 vidi.
2205 2919 2521 2982 Faemiua
2581 2935 2743 2981 vero

401 3022 679 3086 fructum
720 3022 916 3086 babet
984 3023 1296 3107 pallidum
1338 3022 1784 3109 magnitudine
1843 3024 2070 3110 fabae;
2134 3023 2217 3088 de
2268 3025 2375 3089 his
2420 3023 2744 3090 fruetibus

400 3125 694 3191 tunditur
733 3126 947 3192 oleum
986 3129 1284 3214 sapidum
1324 3138 1393 3194 et
1436 3132 1692 3195 bonum.

403 3343 524 3421 De
573 3367 692 3437 eo,
745 3345 938 3445 quod
995 3348 1365 3451 peregrini
1420 3348 1762 3427 viderunt
1819 3348 2187 3427 civitatem
2228 3353 2554 3425 sanctam
2599 3343 2744 3423 Je-

587 3464 926 3560 rusalem,
976 3477 1054 3546 et
1099 3468 1197 3546 de
1255 3468 1593 3570 ingressu
1656 3493 1905 3548 eorum
1952 3471 2024 3546 in
2076 3467 2519 3560 Jerusalem,

1152 3588 1644 3669 dulcissimam
1695 3592 1968 3668 urbem.
2600 3601 2605 3608 '

565 3753 714 3841 (B)
754 3758 1188 3843 Evaganonis
1227 3767 1492 3824 nostrae
1531 3775 1737 3823 eausa
1774 3757 2127 3843 praecipua
2179 3764 2324 3821 erat
2365 3755 2746 3821 dulcissima

401 3860 643 3927 civitas
684 3863 1160 3949 lherosolyma‚
1224 3863 1413 3949 eujus
1454 3862 1615 3928 odor
1668 3881 1786 3947 per
1844 3862 2067 3927 orbem
2111 3862 2400 3946 flagrans
2456 3859 2745 3944 undique

400 3965 486 4030 ad
545 3986 693 4033 uam
750 3985 1012 4034 currere
1077 3968 1237 4034 fauit
1306 3968 1557 4034 fideles.
1664 3969 1898 4052 ltaque
1968 3965 2053 4031 da
2115 3966 2285 4030 valle
2327 3966 2745 4031 Therebiathi

401 4071 838 4154 ascendimus,
870 4082 934 4136 et
975 4073 1247 4140 dimisso
1287 4074 1541 4139 oriente
1582 4080 1812 4138 eontra
1844 4080 2137 4136 austrum
2182 4074 2249 4134 ln
2289 4071 2462 4136 olivo
2505 4071 2746 4136 montis

401 4177 874 4259 processimus,
913 4187 980 4243 et
1017 4177 1102 4243 sd
1143 4181 1368 4244 hortos
1409 4182 1740 4260 arborum,
1783 4177 2060 4260 olerum,
2111 4185 2183 4241 et
2244 4176 2509 4241 ficorum
2553 4176 2746 4240 veni-

399 4298 548 4346 mus
589 4284 759 4347 inter
801 4284 1118 4349 mmerias
1167 4284 1619 4349 assendentes.
1707 4282 1797 4347 Et
1835 4280 2154 4365 conjectis
2197 4281 2410 4346 oeulis
2452 4280 2535 4344 ad
2579 4279 2746 4344 dox-

404 4393 604 4451 teram
628 4431 650 4470 ‚
721 4405 884 4454 eeee
949 4398 1021 4452 ut
1075 4387 1294 4474 fulgur
1366 4388 1603 4464 civitas
1670 4397 1902 4452 sauma
1992 4405 2196 4472 saepe
2276 4386 2601 4450 nominata
2679 4391 2742 4445 et
