3242 5259
1582 284 1707 354 1⁷⁰

473 492 603 541 nou
658 461 921 559 poterat
988 469 1268 536 ulterius
1336 466 1720 555 proadem,
1761 474 2224 554 susceperunt,
2263 467 2734 551 provisionem·
2767 470 2831 537 ei

474 581 819 647 facientes.
906 577 1007 642 Ita
1046 593 1205 660 ergo
1246 573 1478 640 eodem
1511 592 1664 640 sero
1704 575 2102 640 rwessimus
2143 570 2299 637 inde
2340 571 2512 658 (B).

634 683 978 750 vicesima
997 683 1197 745 tertia
1251 679 1378 764 die,
1409 698 1580 764 quae
1621 688 1730 745 est
1750 677 1988 765 vigilia
2022 675 2095 742 S.
2115 675 2443 744 Jobaunis
2467 679 2831 764 Baptistae,

476 788 836 854 fortissima
876 788 1310 870 navigatione
1349 787 1829 870 processimus,
1888 790 1960 848 et
2009 789 2207 848 nocte
2257 783 2698 867 praecedente
2736 787 2832 849 ita

475 900 746 978 repente
787 893 1273 975 navigavimus,
1310 890 1487 975 quod
1521 908 1713 954 mane
1753 890 1997 954 nullam
2040 896 2277 952 terram
2323 889 2609 954 vidimus
2629 934 2651 974 ,
2708 889 2831 954 sed

475 980 684 1063 solum
728 1014 905 1059 mare
947 995 1330 1061 adriaticum
1374 1000 1444 1058 e‘t
1470 996 1889 1078 carpaticum.
1937 992 2237 1079 Cumque
2280 993 2385 1059 sol
2406 996 2833 1059 occubuisset

478 1109 548 1167 et
606 1104 744 1185 jam
802 1104 1338 1184 tenebresceret,
1413 1098 1880 1183 disposuerunt
1937 1117 2018 1163 se
2075 1100 2404 1165 marinarii
2466 1102 2676 1166 nostri
2745 1098 2831 1163 ad

477 1205 847 1275 faciendum
889 1208 1109 1292 ignem
1151 1204 1227 1275 S.
1254 1205 1582 1271 Johannis
1622 1208 1694 1269 in
1733 1203 1947 1290 galea,
1991 1211 2061 1270 et
2100 1205 2227 1271 hoc
2268 1204 2459 1269 modo
2493 1205 2828 1271 feceruut:

478 1319 874 1397 acceperunt
912 1312 1087 1377 ultra
1122 1312 1296 1376 ultra
1335 1311 1480 1377 xh.
1541 1310 1845 1375 lucernas
1908 1309 1994 1374 de
2050 1310 2232 1395 ligno
2287 1315 2358 1373 et
2410 1327 2614 1376 cornu
2674 1328 2834 1393 per-

476 1420 707 1503 spicuo
767 1416 983 1482 factas
1055 1424 1123 1480 et
1177 1418 1505 1500 impositis
1568 1418 1871 1503 accensis
1932 1414 2285 1479 luminibus
2346 1412 2831 1499 suspenderunt

476 1540 639 1608 eas,
690 1541 887 1587 uuam
935 1528 1089 1606 post
1142 1522 1341 1586 aliam
1402 1520 1488 1585 ad
1553 1521 1814 1607 longam
1869 1519 2179 1586 chordam
2220 1519 2332 1586 vel
2375 1520 2633 1605 funem3
2685 1537 2834 1584 cum

477 1630 765 1696 lucernis
786 1630 1091 1693 accensis
1112 1643 1375 1692 sursum
1409 1626 1495 1692 ad
1515 1628 1750 1692 kebam
1780 1633 2150 1711 traxerunt,
2193 1628 2291 1689 ita
2309 1624 2484 1709 quod
2527 1624 2836 1690 lucernae

478 1732 790 1797 ardentes
848 1751 891 1795 a
965 1733 1138 1797 keba
1198 1750 1415 1816 usque
1487 1730 1572 1796 ad
1628 1739 1921 1796 transtra
1987 1730 2442 1816 dependebant
2504 1738 2576 1796 et
2630 1738 2832 1796 totam

479 1837 735 1922 galeam
774 1836 1212 1901 illustrabant.
1287 1835 1399 1900 Ad
1443 1837 1569 1901 boc
1608 1837 2060 1921 spectaculum
2101 1854 2329 1902 omnes
2391 1835 2474 1900 de
2525 1853 2718 1920 prora
2761 1840 2837 1898 et

483 1945 689 2027 puppi
731 1952 800 2007 et
844 1942 926 2007 de
971 1944 1200 2007 carina
1241 1950 1309 2006 et
1370 1938 1454 2005 de
1492 1941 1942 2024 penetralibus
1983 1941 2217 2026 galeae
2263 1939 2696 2007 ascenderunt
2761 1947 2833 2004 ct

491 2049 737 2112 circum
778 2048 958 2113 circa
998 2054 1347 2112 stetenmt.
1389 2047 1481 2110 Et
1520 2047 1914 2131 inceperunt
1953 2054 2320 2132 trumpetae
2337 2048 2486 2113 sive
2508 2045 2837 2110 tubicines

486 2150 665 2219 tubis
704 2170 960 2237 canem,
1002 2161 1071 2217 et
1112 2152 1414 2237 galeotae
1456 2158 1527 2214 et
1565 2155 1807 2216 caeteri
1843 2156 2174 2219 marinarii
2212 2160 2499 2236 cantare,
2536 2150 2836 2239 jubilare,

487 2257 846 2343 chorizare,
884 2257 1133 2323 saltare
1172 2266 1241 2322 et
1281 2259 1581 2322 manibus
1615 2257 1961 2342 plaudere3
2006 2278 2093 2323 ex
2132 2260 2260 2325 boc
2285 2277 2513 2324 omnes
2550 2260 2834 2323 circum-

484 2368 745 2428 stantes
759 2365 917 2428 moti
940 2363 1223 2427 clamore
1243 2363 1532 2427 laetitiae
1552 2373 1619 2427 et
1640 2362 1875 2447 plausu
1895 2382 2198 2429 manuum
2213 2362 2841 2449 singuligaudebant

489 2470 573 2533 ob
619 2469 1048 2533 reverentiam
1103 2469 1466 2534 beatissimi
1528 2470 1973 2552 praecursoris
2042 2469 2320 2536 Domini.
2429 2470 2613 2534 Ante
2662 2468 2838 2534 hunc

492 2572 714 2638 ludum
759 2593 889 2638 non
953 2573 1092 2639 vidi
1149 2576 1507 2660 practicam
1582 2575 1666 2640 de
1723 2574 2043 2660 gaudioso
2100 2593 2405 2641 manuum
2447 2575 2701 2660 plausu,
2756 2571 2843 2637 ad

492 2697 687 2763 quem
752 2677 1005 2744 inducit
1058 2679 1392 2764 psalmus,
1449 2681 1681 2766 psalm.
1745 2682 1851 2748 46.
1929 2680 2188 2746 dicens:
2292 2680 2539 2746 Omnes
2599 2687 2836 2766 gentes

494 2782 785 2868 plaudite
825 2785 1145 2870 manibus,
1179 2785 1460 2869 jubilate
1488 2789 1773 2853 Domino
1814 2793 1966 2869 etc„
2007 2806 2134 2852 nec
2169 2786 2619 2869 credidis-em,
2662 2781 2835 2867 quod

492 2890 855 2955 communis
905 2890 1180 2974 plausus
1225 2911 1529 2958 manuum
1586 2893 1932 2958 multorum
1970 2892 2298 2971 hominum
2353 2890 2546 2958 simul
2619 2888 2838 2952 factus

494 3013 585 3060 ex
624 2994 877 3060 laetitia
912 3002 1050 3061 tam
1090 2997 1516 3064 vehementer
1557 3017 1825 3063 movere
1876 3006 2109 3082 posset
2156 3000 2501 3063 humanum
2555 2994 2838 3058 animum
2936 3039 2939 3042 -

496 3097 584 3167 ad
635 3096 1070 3182 gaudendum.
1158 3102 1366 3167 Facta
1419 3112 1527 3168 est
1580 3122 1739 3190 ergo
1788 3103 2044 3168 laetitia
2098 3119 2337 3186 magna
2386 3102 2467 3166 ‘iu
2520 3098 2714 3184 galea
2767 3104 2840 3160 et

498 3200 760 3268 duravit
794 3203 985 3288 quasi
1026 3223 1239 3291 usque
1285 3207 1371 3272 ad
1409 3208 1690 3273 medium
1731 3210 1983 3292 noetis,
2042 3213 2117 3273 et
2171 3225 2320 3271 cum
2372 3204 2672 3271 omnibus
2733 3201 2841 3267 his

501 3308 692 3373 fortis
758 3316 829 3373 et
877 3310 1093 3377 veloci
1167 3330 1252 3378 ac
1323 3314 1677 3400 tranquilla
1733 3313 2155 3399 navigatione
2221 3310 2664 3397 processimus
2730 3306 2844 3375 via

500 3421 746 3481 nostra.
826 3416 1089 3481 Deinde
1128 3417 1214 3482 ad
1256 3416 1701 3486 dormiendum
1741 3438 1866 3485 nos
1913 3420 2377 3487 collocavimus
2433 3433 2661 3483 omnes
2705 3420 2839 3479 tam

498 3520 827 3604 peregrini
867 3541 1061 3607 quam
1099 3524 1309 3588 nostri
1352 3525 1698 3609 marinarii,
1722 3533 1795 3591 et
1814 3542 2050 3591 navem
2076 3527 2269 3612 sequi
2300 3531 2573 3591 ventum
2599 3517 2844 3606 permi-

496 3623 727 3710 simus,
747 3628 1073 3694 cuitamen
1094 3647 1422 3714 nunquam
1443 3631 1541 3694 ita
1566 3630 2019 3699 confidendum
2056 3639 2183 3718 est,
2204 3639 2282 3697 ut
2298 3633 2583 3698 humana
2609 3625 2844 3692 iudus-

499 3729 624 3796 tria
648 3739 718 3795 et
742 3732 1043 3800 custodia
1059 3740 1309 3817 cesset,
1337 3752 1482 3799 eum
1503 3736 1573 3800 iu
1614 3737 1755 3805 ictu
1774 3737 1945 3804 oculi
1974 3739 2211 3803 mutari
2227 3738 2463 3823 possit,
2476 3743 2552 3801 ut
2574 3732 2842 3819 patebit.

666 3837 1007 3905 Vicesima
1046 3846 1302 3924 quarta,
1340 3857 1514 3925 quae
1555 3849 1663 3906 est
1717 3842 1961 3908 festum
2001 3842 2076 3912 S.
2120 3843 2444 3911 Jobaunis
2481 3839 2846 3922 Baptistae,

500 3958 693 4002 mane
761 3941 1049 4006 vidimus
1112 3941 1409 4027 Cyprum
1427 3989 1450 4029 ,
1530 3946 1723 4030 cuius
1782 3954 2005 4011 umen
2063 3956 2378 4032 aspectus
2447 3940 2851 4030 perturbavit

500 4050 795 4108 rectores
832 4043 1067 4128 galeae
1084 4090 1105 4129 ‚
1146 4048 1302 4132 quia
1339 4048 1667 4135 viderunt,
1704 4068 1784 4114 se
1828 4052 2101 4116 multum
2149 4068 2193 4114 a
2222 4058 2405 4115 recto
2447 4047 2643 4111 maris
2703 4051 2847 4109 tra-

499 4147 658 4213 mite
712 4146 1120 4235 declinasse,
1161 4159 1232 4221 et
1283 4172 1512 4220 verum
1547 4155 1678 4219 iter
1730 4173 1850 4238 per
1891 4154 2430 4220 obdormitionem
2479 4149 2842 4216 amisisse:

497 4252 692 4355 nimis
736 4253 908 4318 enim
961 4253 1048 4317 ad
1084 4253 1345 4320 laevum
1388 4257 1602 4323 fuerat
1639 4257 1837 4344 galea
1858 4258 2194 4344 projecta3
2235 4262 2394 4327 etsi
2429 4273 2560 4333 non
2602 4254 2849 4319 dormi-

496 4359 756 4426 visseut
796 4365 1109 4443 rectores,
1151 4359 1280 4425 hoc
1321 4378 1513 4426 mane
1549 4363 1617 4427 in
1659 4361 1878 4447 aliquo
1910 4370 2105 4450 portu
2139 4362 2351 4450 Cypri
2383 4368 2614 4448 optato
2656 4356 2851 4445 galea
