3242 5259
1548 322 1672 391 13⁷

447 507 929 590 perenguorum
965 503 1326 590 expeditur,
1371 515 1436 570 et
1480 506 1696 570 omnia
1736 505 1975 570 festine
2002 507 2443 602 apportantur,
2480 513 2547 572 et
2568 507 2793 582 evh-

447 610 718 694 prandio
782 610 981 693 linito,
1036 612 1266 675 iterum
1331 610 1650 674 tubicines
1703 611 1878 676 tubis
1933 621 2203 708 canunt3
2250 611 2505 712 levatis
2569 613 2786 678 autem

447 715 871 799 mensalibus,
909 715 995 779 (le
1034 734 1205 780 novo
1249 734 1516 782 mensae
1554 724 1863 799 parantur
1900 717 2301 786 sollemniter
2353 738 2472 802 pro
2530 716 2790 782 domino

448 827 719 902 patrono
759 829 824 882 et
868 822 1006 884 suis
1045 821 1451 887 consiliariis.
1545 822 1786 886 Mensa
1825 842 1987 889 vero
2033 824 2177 907 ejus
2235 830 2338 886 est
2395 825 2604 906 magis
2646 825 2790 887 fru-

450 924 657 1007 galia,
717 943 910 1010 quam
973 927 1493 1010 peregrinorum,
1542 936 1610 990 et
1663 926 1792 992 cibi
1851 932 1913 993 ei
1977 936 2398 1013 apportantur
2453 930 2787 1012 argenteis

447 1030 652 1111 vasis,
697 1040 760 1093 et
803 1047 949 1095 cum
992 1030 1343 1095 credentiis
1388 1034 1763 1117 propinatur
1816 1035 1878 1097 ei
1911 1042 2129 1117 potus,
2178 1035 2351 1095 sicut
2392 1033 2788 1117 principibus

448 1135 706 1198 nostris.
724 1133 1041 1199 Mulieres
1073 1141 1456 1220 peregrinae
1475 1159 1604 1205 uon
1629 1138 1944 1203 accedunt
1968 1138 2050 1202 ad
2074 1154 2363 1202 mensam
2387 1141 2788 1204 communem

443 1237 561 1302 sed
595 1250 855 1305 manent
896 1244 965 1304 in
1006 1241 1148 1303 suis
1199 1244 1492 1328 stantiis,
1551 1252 1616 1307 et
1674 1244 1762 1307 ibi
1818 1242 2243 1327 manducant,
2294 1244 2385 1308 ibi
2448 1240 2786 1307 dormiunt.

441 1341 703 1408 Domini
725 1349 852 1410 mci
874 1345 1198 1410 habebant
1217 1353 1541 1431 proprium
1552 1370 1782 1416 cocum
1804 1359 1872 1414 et
1891 1347 2324 1415 manducandi
2346 1313 2790 1431 propriumlo-

439 1463 605 1513 cum.
645 1449 948 1516 Galeou
929 1474 996 1521 ιιι
1014 1456 1154 1518 suis
1174 1454 1472 1520 transtris
1493 1456 1836 1521 comeduut
1858 1458 2005 1520 trini
2028 1455 2095 1518 «a
2115 1456 2288 1538 tn‘ni,
2308 1461 2375 1516 et
2409 1465 2626 1544 perse
2656 1452 2782 1516 sibi

442 1570 850 1642 praeparant,
892 1578 1058 1647 quos
1098 1578 1299 1644 saepe
1340 1560 1476 1623 vidi
1500 1577 1742 1624 carnes
1762 1558 1975 1624 adhuc
1997 1558 2151 1642 (Β)
2186 1559 2517 1662 sangrino
2548 1557 2789 1632 mben-

437 1668 546 1720 tes
588 1663 993 1728 manducare.
1080 1664 1157 1729 si
1200 1666 1312 1750 qui
1351 1666 1678 1750 peregrini
1718 1667 1989 1750 cupiunt
2030 1663 2274 1749 aliquid
2338 1665 2408 1732 iu
2436 1661 2788 1744 ssingulari

442 1763 685 1829 habere
727 1767 811 1832 (le
851 1771 1171 1855 coquina,
1239 1780 1493 1855 oportet
1546 1772 1726 1835 cocis
1781 1779 2119 1855 argomum
2181 1767 2566 1854 ostendere,
2633 1766 2787 1851 qnia

441 1881 598 1936 sum
637 1882 773 1938 tres
813 1877 923 1939 vel
965 1886 1239 1962 quatuor
1272 1878 1416 1940 coci
1456 1876 2039 1960 impatientissimi,
2100 1876 2213 1960 qui
2275 1893 2406 1938 non
2430 1873 2787 1958 placantur

440 1979 567 2041 nisi
608 1982 884 2062 pecmtia
924 1982 1209 2046 exlnbita
1245 1981 1460 2061 fuerit,
1499 1980 1582 2045 (le
1635 1983 1958 2065 promissa
2016 1999 2147 2045 non
2191 1988 2437 2052 curant.
2543 1980 2784 2046 Mirum

439 2091 657 2148 tamen
698 2104 828 2150 uon
871 2097 995 2170 est,
1036 2087 1208 2172 quod
1254 2087 1396 2151 coci
1438 2086 1850 2171 impatientes
1900 2096 2053 2150 sunt
2072 2132 2092 2170 ,
2149 2087 2304 2170 quia
2360 2087 2638 2170 coquina
2681 2093 2785 2148 est

440 2197 601 2272 arta,
641 2198 706 2254 et
743 2191 984 2255 multae
1003 2193 1191 2275 ollae,
1225 2193 1450 2256 variae
1471 2209 1580 2255 res
1600 2181 2001 2276 coquendae,
2036 2190 2215 2275 ignia
2248 2209 2518 2275 parvus,
2540 2191 2783 2258 clamor

443 2300 596 2368 aate
636 2299 975 2380 coquinam
1018 2315 1328 2382 magnus,
1385 2297 1568 2362 multi
1621 2297 2066 2381 postulantes,
2120 2305 2189 2360 et
2247 2294 2428 2360 labor
2480 2311 2780 2360 cocorum

439 2401 664 2482 utique
703 2411 804 2464 est
858 2402 1311 2484 compassione
1353 2402 1610 2486 dignum
1710 2402 1976 2466 Domini
2039 2400 2279 2465 milites
2338 2397 2782 2466 abominantur

437 2504 653 2569 cibum
694 2505 971 2588 patroni,
1015 2514 1078 2568 et
1122 2523 1419 2588 magnam
1463 2505 1620 2571 (lant
1660 2507 1840 2570 cocis
1880 2510 2221 2589 pecuniam
2285 2525 2403 2591 pro
2460 2503 2778 2589 singulari

439 2608 612 2675 cibo.
696 2606 930 2672 Cibum
972 2618 1187 2672 autem
1229 2612 1482 2692 patroni
1527 2609 1682 2674 dant
1720 2612 2112 2694 pauperibus
2145 2609 2447 2695 galeotis.
2528 2608 2782 2692 singni-

441 2710 664 2774 lariter
702 2721 916 2777 autem
973 2729 1208 2777 carnes
1268 2716 1523 2797 patroni
1583 2725 1736 2780 sunt
1781 2714 2279 2796 abominabiles,
2332 2714 2484 2798 quia
2534 2713 2782 2777 bestias

436 2814 589 2878 illas
646 2825 962 2898 mactant,
1016 2833 1183 2899 quas
1257 2821 1685 2903 supervivere
1739 2839 1869 2884 non
1925 2838 2125 2904 posse
2178 2817 2438 2902 videat,
2491 2826 2561 2881 et
2617 2835 2781 2881 oves

439 2919 783 2986 morbidas.
843 2918 1333 3006 Quamcumque
1375 2924 1544 2989 enim
1587 2925 1864 2989 bestiam
1902 2925 2130 2989 vident
2171 2923 2617 2992 defectuosum
2654 2940 2774 3005 per

434 3041 513 3088 se
553 3026 685 3089 cito
726 3027 1117 3111 morituram,
1156 3027 1325 3096 huic
1385 3035 1691 3100 mactant.
1773 3030 1978 3094 Extra
2033 3029 2256 3094 boram
2314 3025 2568 3112 prandii
2621 3025 2778 3090 nibil

429 3127 627 3214 ⁸(latur
683 3128 767 3193 (le
825 3131 1089 3202 cellario
1161 3135 1411 3215 patroni
1429 3178 1452 3218 ,
1513 3133 1636 3198 sed
1701 3134 1831 3218 ipsi
1893 3131 2133 3217 galeoti
2202 3132 2493 3200 vendant
2552 3134 2780 3196 vinum

431 3234 762 3318 optimum,
805 3235 888 3299 (le
930 3256 1060 3322 quo
1081 3247 1300 3304 emunt
1341 3240 1684 3322 peregrini.
1771 3239 2089 3322 Tempore
2123 3247 2577 3324 tempestatum
2604 3255 2772 3304 evo-

431 3338 678 3404 mitatio
720 3348 786 3404 et
826 3342 1137 3407 comestio
1192 3343 1602 3409 celebrantur
1643 3342 1859 3410 simul.

640 3585 760 3662 De
805 3585 1130 3690 inquieta
1176 3590 1611 3668 dormitione
1666 3593 2215 3694 peregrinorum
2264 3591 2337 3668 in
2382 3588 2574 3666 ‘navi-

603 3766 829 3833 Coeua
882 3777 1148 3853 peracta
1211 3769 1294 3833 ad
1371 3771 1911 3837 confabulandum
1978 3791 2073 3844 se,
2133 3781 2379 3857 ponunt
2448 3769 2773 3855 peregrini

427 3874 733 3956 superius
784 3872 974 3957 juxta
1027 3874 1300 3959 malum,
1343 3883 1409 3939 et
1451 3894 1777 3961 uunquam
1842 3887 2183 3942 transeunt
2247 3877 2588 3942 dormitum
2647 3872 2775 3937 uisi

430 3993 580 4041 cum
622 3977 991 4046 lumittibus.
1051 3977 1219 4044 Cum
1262 3988 1481 4047 autem
1513 3979 1920 4046 descendunt
1968 3982 2051 4046 ad
2089 3980 2526 4067 reponendum
2559 3998 2657 4064 se,
2700 3976 2773 4046 fit

425 4083 663 4166 ingens
705 4083 1014 4149 tumultus
1054 4086 1122 4149 iu
1165 4085 1545 4154 lectulorum
1588 4088 1922 4171 stratione,
1965 4097 2030 4152 et
2053 4090 2416 4153 excitantur
2456 4085 2772 4170 pulveres

429 4196 498 4251 a
558 4189 981 4253 communiter
1040 4192 1450 4256 concitantur
1515 4192 1724 4277 litigia
1784 4193 2026 4278 magna
2090 4195 2259 4258 inter
2338 4189 2770 4273 collaterales,

427 4293 773 4376 praecipue
806 4294 878 4357 in
914 4296 1250 4381 principio,
1299 4305 1647 4382 mquam
1689 4307 2094 4363 assuescant.
2178 4297 2350 4362 Nam
2394 4295 2506 4359 ille
2563 4292 2774 4357 colla-

426 4395 693 4462 teralem
731 4415 921 4465 suum
959 4401 1269 4487 inculpat,
1309 4403 1488 4489 quod
1514 4420 1637 4471 suo
1678 4402 1917 4474 lectulo
1958 4411 2206 4488 partem
2263 4400 2536 4468 cumbae
2605 4414 2773 4461 suae
