3242 5259
1515 326 1639 393 1oe

405 506 847 576 colossensem
883 510 1298 578 vam-onus:
1339 507 1658 574 beneflcio
1718 512 1939 572 tamen
1997 507 2261 573 luminis
2296 506 2501 577 lunae
2536 506 2745 593 adjuti

407 614 863 698 navigavimus
895 632 1107 698 usque
1148 615 1218 677 in
1251 616 1466 697 ipsum
1509 620 1763 696 portam
1806 620 1876 676 et
1916 613 2008 677 ibi
2063 630 2236 677 nave
2288 614 2587 680 stabilita
2624 617 2746 700 'per

407 726 666 783 noctem
708 720 1095 804 quievimus.
1180 719 1256 781 ln
1322 718 1470 802 ipso
1527 724 1746 792 autem
1800 723 1998 801 portu
2067 719 2425 801 reperimus
2486 718 2742 805 galeam

410 820 653 887 domini
692 824 1072 909 Augustini,
1112 824 1227 908 qui
1269 840 1416 889 cum
1458 825 1600 888 suis
1641 824 2007 907 peregrinis
2046 823 2116 887 in
2155 823 2431 887 civitate
2474 831 2634 890 erat.

573 1032 910 1098 vicesima
951 1030 1241 1098 secunda
1264 1031 1393 1116 die,
1417 1048 1587 1116 quae
1630 1030 1756 1096 fuit
1783 1030 2107 1096 dominica
2144 1034 2212 1102 4.
2231 1038 2384 1115 post
2403 1032 2746 1099 Trinitatis

409 1143 481 1200 et
522 1136 759 1201 festum
803 1137 1027 1202 decem
1054 1138 1321 1202 millium
1352 1137 1739 1221 Martyrum,
1760 1139 2031 1201 obtenta
2057 1137 2321 1200 licentia
2359 1154 2403 1200 a
2432 1140 2748 1221 magistro

401 1259 644 1325 magno
696 1244 968 1307 militum
1010 1242 1555 1327 lerosolimorum,
1598 1243 1745 1306 sine
1789 1241 1987 1325 eujus
2049 1259 2360 1327 expresso
2420 1261 2749 1308 consensu

409 1364 597 1411 nemo
639 1348 894 1433 ingredi
938 1351 1280 1413 civitatem
1320 1349 1750 1431 permittitur,
1825 1351 2079 1432 egressi
2133 1366 2360 1412 sumus
2414 1347 2500 1411 de
2559 1346 2750 1432 galea

408 1457 480 1515 et
519 1452 961 1519 colossensem
1004 1455 1367 1536 civitatem,
1409 1471 1600 1537 quam
1642 1452 1896 1520 Rodum
1941 1459 2297 1538 nominant,
2341 1455 2745 1530 intravimus.

408 1557 845 1623 Ascendimus
886 1565 1102 1622 autom
1166 1560 1237 1620 in
1278 1558 1620 1623 castellum
1680 1557 2080 1624 dominorum
2139 1561 2209 1623 in
2271 1559 2615 1623 ecclesiam
2673 1557 2745 1622 S.

407 1661 734 1726 Johannis
771 1668 842 1726 et
879 1664 973 1736 ibi
1018 1661 1408 1727 dominicale
1450 1662 1739 1728 officium
1782 1664 2168 1728 audivimus.
2259 1665 2502 1744 Finitav
2545 1666 2751 1746 missa

408 1769 813 1833 advenerunt
880 1767 1122 1832 demini
1184 1768 1615 1851 Johannitae,
1702 1769 1955 1834 nobiles
2037 1768 2119 1833 de
2174 1769 2585 1855 Alemannis,
2662 1769 2748 1834 ad

407 1874 726 1939 Dominus
746 1891 951 1959 meos,
992 1881 1064 1938 et
1087 1892 1221 1939 -eos
1263 1891 1345 1938 ac
1383 1891 1506 1938 nos
1550 1891 1782 1939 omnes
1825 1892 1973 1938 cum
2018 1875 2222 1939 multa
2261 1878 2634 1941 reverentia
2677 1884 2748 1942 et

408 1978 664 2044 laetitia
726 1987 1192 2064 susceperunt,
1235 1986 1305 2043 et
1357 1979 1668 2064 reliquias
1731 1978 2199 2046 ostenderunt:
2261 1988 2331 2045 et
2403 1990 2557 2065 post
2619 1983 2747 2046 hoc

405 2087 596 2149 nobis
626 2088 698 2149 in
737 2085 929 2152 domo
969 2084 1250 2170 quadam
1285 2083 1564 2150 honesta
1599 2085 1910 2167 optimam
1952 2088 2391 2168 provisionem
2416 2088 2742 2169 fecerunt,

403 2198 479 2254 et
520 2191 612 2255 ibi
666 2194 890 2276 pransi
946 2191 1208 2257 mimus.
1317 2190 1497 2254 Infra
1543 2188 1882 2272 prandium
1947 2188 2247 2256 dominus
2331 2192 2746 2276 Augustinus

406 2314 554 2360 cum
604 2300 745 2362 suis
797 2298 1162 2383 peregrinis
1224 2297 1524 2360 messit.
1637 2290 1830 2373 Quod
1906 2293 2146 2360 videns
2210 2294 2510 2361 dominus
2590 2297 2744 2390 Piro

404 2400 657 2486 haudo,
694 2411 921 2467 noster
960 2409 1298 2485 patronus,
1337 2401 1499 2463 tuba
1541 2400 1804 2483 cecinit,
1841 2417 2095 2483 nosque
2144 2402 2214 2465 in
2235 2401 2489 2488 galeam
2547 2418 2746 2465 revo-

405 2510 609 2592 eavit,
656 2515 728 2572 et
782 2508 1173 2572 festinanter
1233 2504 1678 2589 processimus
1739 2503 1825 2569 ad
1877 2503 2153 2589 galeam.
2256 2507 2746 2590 Dereliquimus

403 2617 628 2676 tamen
668 2614 739 2674 in
763 2612 1056 2680 ,civitate
1092 2608 1411 2695 quosdam
1450 2610 1660 2674 bonos
1682 2614 1752 2672 et
1791 2612 2031 2693 probos
2050 2610 2313 2695 milites,
2353 2614 2465 2697 qui
2508 2612 2747 2675 infirmi

406 2713 570 2778 faeti
600 2713 876 2779 ulterius
915 2734 1046 2779 non
1085 2720 1389 2799 poterant
1428 2713 1822 2799 prooedere:
1863 2716 2035 2779 inter
2072 2732 2239 2800 quos
2261 2722 2404 2779 erat
2447 2715 2746 2780 dominus

404 2818 762 2884 Jerotheus
776 2817 860 2883 de
877 2819 1342 2885 Ratzenhusen
1363 2827 1431 2883 et
1445 2818 1709 2904 quidam
1736 2818 2157 2903 Johaunitae,
2179 2822 2293 2905 qui
2335 2818 2418 2884 de
2437 2820 2746 2886 Venetiis

403 2927 744 2990 nobiscum
786 2933 1126 3009 venerant,
1165 2931 1237 2989 et
1277 2923 1506 2989 fideles
1547 2941 1631 2988 ac
1661 2923 1931 3008 jocundi
1986 2927 2153 2991 socii
2192 2927 2533 2991 nobiscum
2592 2924 2748 2990 fue-

407 3040 580 3111 rant,
629 3031 714 3095 de
735 3048 1005 3116 quorum
1047 3032 1402 3094 amissione
1443 3046 1669 3094 omnes
1707 3031 1951 3094 turbati
2014 3030 2273 3096 fuimus.
2330 3030 2547 3098 Valde
2572 3032 2744 3095 enim

405 3137 672 3202 socialis
715 3145 787 3201 et
820 3133 1108 3221 iocunda
1157 3135 1562 3199 familiarius
1603 3135 2010 3201 contrahitur
2064 3138 2133 3200 in
2190 3139 2509 3221 navibus,
2564 3138 2746 3201 sicut

406 3245 477 3306 in
528 3240 769 3306 studiis
829 3251 896 3305 et
949 3243 1021 3305 in
1079 3240 1334 3308 balneis
1352 3284 1374 3324 ,
1451 3246 1523 3304 et
1565 3243 1894 3324 separatio
1947 3258 2235 3326 sequens
2277 3249 2385 3306 est
2425 3241 2740 3325 poenalis.

405 3345 753 3411 Remansit
785 3348 982 3412 etiam
1019 3347 1216 3410 unica
1254 3345 1503 3429 mulier,
1546 3363 1718 3430 quae
1748 3347 2086 3411 nobiscum
2124 3355 2268 3411 erat
2282 3390 2304 3429 ,
2359 3350 2516 3431 quia
2555 3353 2746 3410 extra

407 3454 745 3516 civitatem
764 3449 846 3515 ad
869 3449 1193 3536 quandum
1234 3450 1576 3515 eeclesiam
1601 3459 1885 3535 evagata
1924 3451 2161 3537 fuerat,
2180 3471 2310 3517 non
2332 3452 2742 3532 existimans,

405 3556 658 3641 galeam
717 3558 844 3621 hoe
897 3553 1006 3619 dle
1062 3554 1388 3620 recedere.
1489 3555 1592 3619 De
1650 3554 1828 3619 illius
1889 3565 2107 3621 autem
2166 3557 2456 3621 mulieris
2550 3571 2742 3618 nemo

405 3664 620 3726 tristis
661 3668 806 3726 erat
844 3659 1164 3744 absentia,
1201 3660 1330 3723 nisi
1379 3662 1652 3724 maritas
1694 3659 1869 3744 ejus,
1933 3665 2089 3744 quia
2141 3662 2391 3728 fecerat
2452 3678 2529 3725 se
2570 3659 2742 3723 ultra

405 3762 662 3826 modum
705 3763 999 3829 odiosum
1039 3765 1183 3830 suis
1223 3765 1428 3828 fatuis
1471 3761 1908 3830 locutionibus
1954 3773 2028 3829 et
2046 3768 2323 3833 curiosis
2365 3763 2740 3849 indagatio-

404 3868 599 3932 nibus
660 3887 873 3934 rernm
935 3870 1280 3937 inutilium.
1388 3870 1551 3933 Erat
1616 3873 1814 3934 etiam
1848 3870 2138 3955 ‚quidam
2196 3890 2471 3957 pauper,
2547 3888 2740 3956 quem

403 3979 719 4056 patronus
778 3974 906 4039 Dei
966 3994 1184 4041 amore
1246 3991 1457 4057 usque
1507 3973 1640 4039 hue
1684 3974 1957 4040 duxerat
1982 4022 2004 4059 ,
2061 3976 2181 4041 sed
2250 3976 2528 4060 amplius
2591 3993 2737 4037 eum

403 4076 643 4142 ducere
683 4080 966 4147 nolebat.
1012 4080 1134 4144 Ille
1174 4079 1367 4144 stetit
1408 4081 1476 4144 in
1518 4081 1741 4145 littore
1782 4081 2101 4164 plangens
2142 4090 2213 4146 et
2255 4080 2529 4164 ejulans,
2566 4076 2740 4163 quod

401 4199 534 4246 nen
572 4190 801 4267 posset
840 4185 1069 4248 venire
1107 4187 1177 4248 in
1215 4185 1590 4264 Ierusalem.
1656 4184 1782 4249 Cui
1824 4185 2082 4250 Domini
2126 4187 2252 4250 mei
2296 4188 2545 4251 miserti
2588 4201 2740 4247 eum

400 4285 469 4349 in
509 4286 765 4371 galeam
805 4296 1258 4373 smeperung
1298 4299 1368 4355 et
1407 4289 1493 4356 de
1546 4291 1859 4374 expensis
1921 4292 2359 4374 provisionem
2425 4289 2737 4353 fecerunt.

397 4385 738 4469 Quonam
779 4395 974 4461 alium
1016 4396 1265 4461 socium
1308 4393 1391 4460 de
1431 4397 1727 4482 partibus
1767 4396 2014 4462 nostris
2055 4403 2379 4481 egentem,
2404 4393 2520 4476 qui
2543 4391 2740 4462 etiam
