<?xml version="1.0" encoding="UTF-8"?>
<!DOCTYPE html PUBLIC "-//W3C//DTD XHTML 1.0 Transitional//EN"
    "http://www.w3.org/TR/xhtml1/DTD/xhtml1-transitional.dtd">
<html xmlns="http://www.w3.org/1999/xhtml" xml:lang="en" lang="en">
 <head>
  <title>
</title>
<meta http-equiv="Content-Type" content="text/html;charset=utf-8" />
  <meta name='ocr-system' content='tesseract 3.04.00' />
  <meta name='ocr-capabilities' content='ocr_page ocr_carea ocr_par ocr_line ocrx_word'/>
</head>
<body>
  <div class='ocr_page' id='page_1' title='image "./fratrisfelicisf00unkngoog_0197.png"; bbox 0 0 3242 5259; ppageno 0'>
   <div class='ocr_carea' id='block_1_1' title="bbox 1472 331 1598 397">
    <p class='ocr_par' dir='ltr' id='par_1_1' title="bbox 1472 331 1598 397">
     <span class='ocr_line' id='line_1_1' title="bbox 1472 331 1598 397; baseline -0.016 0"><span class='ocrx_word' id='word_1_1' title='bbox 1472 331 1598 397; x_wconf 71' lang='lat' dir='ltr'><strong>we</strong></span> 
     </span>
    </p>
   </div>
   <div class='ocr_carea' id='block_1_2' title="bbox 341 503 2747 4365">
    <p class='ocr_par' dir='ltr' id='par_1_2' title="bbox 341 503 2747 2696">
     <span class='ocr_line' id='line_1_2' title="bbox 371 503 2718 600; baseline 0.003 -25"><span class='ocrx_word' id='word_1_2' title='bbox 371 529 412 575; x_wconf 83' lang='lat' dir='ltr'><strong>a</strong></span> <span class='ocrx_word' id='word_1_3' title='bbox 453 520 643 595; x_wconf 89' lang='lat' dir='ltr'><strong>portu</strong></span> <span class='ocrx_word' id='word_1_4' title='bbox 685 507 795 576; x_wconf 80' lang='lat' dir='ltr'><strong>mo</strong></span> <span class='ocrx_word' id='word_1_5' title='bbox 841 509 1034 576; x_wconf 85' lang='lat' dir='ltr'><strong>tarda</strong></span> <span class='ocrx_word' id='word_1_6' title='bbox 1099 507 1546 596; x_wconf 61' lang='lat' dir='ltr'><strong>navigatione</strong></span> <span class='ocrx_word' id='word_1_7' title='bbox 1582 512 1976 578; x_wconf 79' lang='lat' dir='ltr'><strong>recessimus</strong></span> <span class='ocrx_word' id='word_1_8' title='bbox 2056 503 2318 600; x_wconf 72' lang='lat' dir='ltr'><strong>propter</strong></span> <span class='ocrx_word' id='word_1_9' title='bbox 2380 507 2718 582; x_wconf 78' lang='lat' dir='ltr'><strong>ventorum</strong></span> 
     </span>
     <span class='ocr_line' id='line_1_3' title="bbox 369 615 2720 705; baseline 0.002 -26"><span class='ocrx_word' id='word_1_10' title='bbox 369 616 752 680; x_wconf 78' lang='lat' dir='ltr'><strong>tarditatem.</strong></span> <span class='ocrx_word' id='word_1_11' title='bbox 842 615 1055 679; x_wconf 83' lang='lat' dir='ltr'><strong>Porro</strong></span> <span class='ocrx_word' id='word_1_12' title='bbox 1099 618 1165 679; x_wconf 91' lang='lat' dir='ltr'><strong>in</strong></span> <span class='ocrx_word' id='word_1_13' title='bbox 1220 619 1490 682; x_wconf 87' lang='lat' dir='ltr'><strong>meridie</strong></span> <span class='ocrx_word' id='word_1_14' title='bbox 1541 622 1722 683; x_wconf 89' lang='lat' dir='ltr'><strong>venit</strong></span> <span class='ocrx_word' id='word_1_15' title='bbox 1763 630 2002 685; x_wconf 88' lang='lat' dir='ltr'><strong>ventus</strong></span> <span class='ocrx_word' id='word_1_16' title='bbox 2047 621 2253 705; x_wconf 79' lang='lat' dir='ltr'><strong>sortis,</strong></span> <span class='ocrx_word' id='word_1_17' title='bbox 2296 619 2415 683; x_wconf 86' lang='lat' dir='ltr'><strong>sed</strong></span> <span class='ocrx_word' id='word_1_18' title='bbox 2456 630 2720 684; x_wconf 83' lang='lat' dir='ltr'><strong>contra-</strong></span> 
     </span>
     <span class='ocr_line' id='line_1_4' title="bbox 369 724 2720 812; baseline 0.003 -29"><span class='ocrx_word' id='word_1_19' title='bbox 369 724 528 804; x_wconf 88' lang='lat' dir='ltr'><strong>rius,</strong></span> <span class='ocrx_word' id='word_1_20' title='bbox 573 730 639 783; x_wconf 85' lang='lat' dir='ltr'><strong>et</strong></span> <span class='ocrx_word' id='word_1_21' title='bbox 683 730 951 802; x_wconf 89' lang='lat' dir='ltr'><strong>repente</strong></span> <span class='ocrx_word' id='word_1_22' title='bbox 981 731 1327 788; x_wconf 76' lang='lat' dir='ltr'><strong>retrorsum</strong></span> <span class='ocrx_word' id='word_1_23' title='bbox 1371 741 1493 787; x_wconf 89' lang='lat' dir='ltr'><strong>nos</strong></span> <span class='ocrx_word' id='word_1_24' title='bbox 1511 724 1760 807; x_wconf 83' lang='lat' dir='ltr'><strong>·rejecit</strong></span> <span class='ocrx_word' id='word_1_25' title='bbox 1789 733 2021 794; x_wconf 79' lang='lat' dir='ltr'><strong>contra</strong></span> <span class='ocrx_word' id='word_1_26' title='bbox 2034 727 2471 812; x_wconf 87' lang='lat' dir='ltr'><strong>promontoria</strong></span> <span class='ocrx_word' id='word_1_27' title='bbox 2508 733 2720 790; x_wconf 84' lang='lat' dir='ltr'><strong>terrae</strong></span> 
     </span>
     <span class='ocr_line' id='line_1_5' title="bbox 369 823 2719 914; baseline 0.003 -26"><span class='ocrx_word' id='word_1_28' title='bbox 369 823 593 909; x_wconf 85' lang='lat' dir='ltr'><strong>Cypri.</strong></span> <span class='ocrx_word' id='word_1_29' title='bbox 682 827 777 888; x_wconf 91' lang='lat' dir='ltr'><strong>Ibi</strong></span> <span class='ocrx_word' id='word_1_30' title='bbox 821 844 977 908; x_wconf 83' lang='lat' dir='ltr'><strong>ergo</strong></span> <span class='ocrx_word' id='word_1_31' title='bbox 1022 825 1244 892; x_wconf 74' lang='lat' dir='ltr'><strong>bolide</strong></span> <span class='ocrx_word' id='word_1_32' title='bbox 1280 830 1440 891; x_wconf 84' lang='lat' dir='ltr'><strong>mari</strong></span> <span class='ocrx_word' id='word_1_33' title='bbox 1484 825 1774 892; x_wconf 75' lang='lat' dir='ltr'><strong>immissa</strong></span> <span class='ocrx_word' id='word_1_34' title='bbox 1819 831 2194 894; x_wconf 59' lang='lat' dir='ltr'><strong>invenimus</strong></span> <span class='ocrx_word' id='word_1_35' title='bbox 2239 840 2471 896; x_wconf 80' lang='lat' dir='ltr'><strong>terram</strong></span> <span class='ocrx_word' id='word_1_36' title='bbox 2516 847 2719 914; x_wconf 90' lang='lat' dir='ltr'><strong>prope</strong></span> 
     </span>
     <span class='ocr_line' id='line_1_6' title="bbox 369 931 2720 1021; baseline 0.003 -29"><span class='ocrx_word' id='word_1_37' title='bbox 369 937 724 1013; x_wconf 84' lang='lat' dir='ltr'><strong>temonem,</strong></span> <span class='ocrx_word' id='word_1_38' title='bbox 766 939 833 992; x_wconf 92' lang='lat' dir='ltr'><strong>et</strong></span> <span class='ocrx_word' id='word_1_39' title='bbox 874 931 1126 1014; x_wconf 87' lang='lat' dir='ltr'><strong>statim,</strong></span> <span class='ocrx_word' id='word_1_40' title='bbox 1169 950 1255 998; x_wconf 84' lang='lat' dir='ltr'><strong>ne</strong></span> <span class='ocrx_word' id='word_1_41' title='bbox 1285 933 1394 996; x_wconf 89' lang='grc' dir='ltr'>1ιι.</span> <span class='ocrx_word' id='word_1_42' title='bbox 1403 932 1652 1017; x_wconf 84' lang='lat' dir='ltr'><strong>scyllas</strong></span> <span class='ocrx_word' id='word_1_43' title='bbox 1732 947 1846 1000; x_wconf 89' lang='lat' dir='ltr'><strong>aut</strong></span> <span class='ocrx_word' id='word_1_44' title='bbox 1889 937 2343 1021; x_wconf 78' lang='lat' dir='ltr'><strong>bythalassum</strong></span> <span class='ocrx_word' id='word_1_45' title='bbox 2393 935 2720 999; x_wconf 86' lang='lat' dir='ltr'><strong>incidere-</strong></span> 
     </span>
     <span class='ocr_line' id='line_1_7' title="bbox 371 1035 2717 1123; baseline 0.003 -26"><span class='ocrx_word' id='word_1_46' title='bbox 371 1053 544 1110; x_wconf 81' lang='grc' dir='ltr'>ηιιι8,</span> <span class='ocrx_word' id='word_1_47' title='bbox 585 1036 953 1099; x_wconf 80' lang='lat' dir='ltr'><strong>remisimus</strong></span> <span class='ocrx_word' id='word_1_48' title='bbox 994 1035 1147 1098; x_wconf 82' lang='lat' dir='ltr'><strong>vela</strong></span> <span class='ocrx_word' id='word_1_49' title='bbox 1159 1081 1181 1119; x_wconf 99' lang='lat'><strong>,</strong></span> <span class='ocrx_word' id='word_1_50' title='bbox 1211 1037 1293 1102; x_wconf 90' lang='lat' dir='ltr'><strong>&#39;et</strong></span> <span class='ocrx_word' id='word_1_51' title='bbox 1341 1055 1578 1102; x_wconf 86' lang='lat' dir='ltr'><strong>navem</strong></span> <span class='ocrx_word' id='word_1_52' title='bbox 1617 1038 1701 1102; x_wconf 91' lang='lat' dir='ltr'><strong>de</strong></span> <span class='ocrx_word' id='word_1_53' title='bbox 1737 1042 2040 1105; x_wconf 87' lang='lat' dir='ltr'><strong>manibus</strong></span> <span class='ocrx_word' id='word_1_54' title='bbox 2079 1049 2418 1105; x_wconf 87' lang='lat' dir='ltr'><strong>ventorum</strong></span> <span class='ocrx_word' id='word_1_55' title='bbox 2464 1041 2717 1123; x_wconf 89' lang='lat' dir='ltr'><strong>eripui-</strong></span> 
     </span>
     <span class='ocr_line' id='line_1_8' title="bbox 370 1139 2717 1228; baseline 0.001 -25"><span class='ocrx_word' id='word_1_56' title='bbox 370 1157 513 1204; x_wconf 83' lang='lat' dir='ltr'><strong>mus</strong></span> <span class='ocrx_word' id='word_1_57' title='bbox 522 1186 545 1223; x_wconf 88' lang='lat'><strong>,</strong></span> <span class='ocrx_word' id='word_1_58' title='bbox 609 1149 676 1203; x_wconf 85' lang='lat' dir='ltr'><strong>et</strong></span> <span class='ocrx_word' id='word_1_59' title='bbox 717 1139 952 1224; x_wconf 50' lang='lat' dir='ltr'><strong>ejectis„</strong></span> <span class='ocrx_word' id='word_1_60' title='bbox 986 1142 1291 1206; x_wconf 89' lang='lat' dir='ltr'><strong>anchoris</strong></span> <span class='ocrx_word' id='word_1_61' title='bbox 1360 1153 1423 1207; x_wconf 91' lang='lat' dir='ltr'><strong>et</strong></span> <span class='ocrx_word' id='word_1_62' title='bbox 1491 1144 1647 1207; x_wconf 84' lang='lat' dir='ltr'><strong>navi</strong></span> <span class='ocrx_word' id='word_1_63' title='bbox 1709 1144 1913 1228; x_wconf 83' lang='lat' dir='ltr'><strong>ligata</strong></span> <span class='ocrx_word' id='word_1_64' title='bbox 1950 1146 2041 1209; x_wconf 89' lang='lat' dir='ltr'><strong>ibi</strong></span> <span class='ocrx_word' id='word_1_65' title='bbox 2096 1144 2424 1208; x_wconf 87' lang='lat' dir='ltr'><strong>secundos</strong></span> <span class='ocrx_word' id='word_1_66' title='bbox 2480 1154 2717 1207; x_wconf 84' lang='lat' dir='ltr'><strong>ventos</strong></span> 
     </span>
     <span class='ocr_line' id='line_1_9' title="bbox 370 1245 2715 1333; baseline 0.001 -23"><span class='ocrx_word' id='word_1_67' title='bbox 370 1247 914 1327; x_wconf 75' lang='lat' dir='ltr'><strong>exspectavimus.</strong></span> <span class='ocrx_word' id='word_1_68' title='bbox 999 1245 1301 1310; x_wconf 86' lang='lat' dir='ltr'><strong>Poeualis</strong></span> <span class='ocrx_word' id='word_1_69' title='bbox 1372 1258 1586 1312; x_wconf 88' lang='lat' dir='ltr'><strong>autem</strong></span> <span class='ocrx_word' id='word_1_70' title='bbox 1661 1249 1783 1312; x_wconf 79' lang='lat' dir='ltr'><strong>suit</strong></span> <span class='ocrx_word' id='word_1_71' title='bbox 1847 1250 2036 1313; x_wconf 90' lang='lat' dir='ltr'><strong>nobis</strong></span> <span class='ocrx_word' id='word_1_72' title='bbox 2106 1249 2219 1313; x_wconf 90' lang='lat' dir='ltr'><strong>illa</strong></span> <span class='ocrx_word' id='word_1_73' title='bbox 2292 1250 2715 1333; x_wconf 74' lang='lat' dir='ltr'><strong>exspectatio,</strong></span> 
     </span>
     <span class='ocr_line' id='line_1_10' title="bbox 368 1349 2716 1438; baseline 0.003 -26"><span class='ocrx_word' id='word_1_74' title='bbox 368 1351 523 1434; x_wconf 84' lang='lat' dir='ltr'><strong>quia</strong></span> <span class='ocrx_word' id='word_1_75' title='bbox 563 1349 883 1415; x_wconf 81' lang='lat' dir='ltr'><strong>desiderio</strong></span> <span class='ocrx_word' id='word_1_76' title='bbox 926 1362 1138 1415; x_wconf 88' lang='lat' dir='ltr'><strong>terrae</strong></span> <span class='ocrx_word' id='word_1_77' title='bbox 1175 1363 1447 1417; x_wconf 86' lang='lat' dir='ltr'><strong>sanctae</strong></span> <span class='ocrx_word' id='word_1_78' title='bbox 1481 1354 1928 1438; x_wconf 81' lang='lat' dir='ltr'><strong>flagravimus,</strong></span> <span class='ocrx_word' id='word_1_79' title='bbox 1962 1356 2249 1420; x_wconf 78' lang='lat' dir='ltr'><strong>seientes</strong></span> <span class='ocrx_word' id='word_1_80' title='bbox 2279 1373 2401 1419; x_wconf 89' lang='lat' dir='ltr'><strong>nos</strong></span> <span class='ocrx_word' id='word_1_81' title='bbox 2436 1355 2716 1438; x_wconf 83' lang='lat' dir='ltr'><strong>amplius</strong></span> 
     </span>
     <span class='ocr_line' id='line_1_11' title="bbox 367 1455 2711 1543; baseline 0.002 -25"><span class='ocrx_word' id='word_1_82' title='bbox 367 1463 604 1518; x_wconf 87' lang='lat' dir='ltr'><strong>terram</strong></span> <span class='ocrx_word' id='word_1_83' title='bbox 646 1455 889 1522; x_wconf 86' lang='lat' dir='ltr'><strong>nullam</strong></span> <span class='ocrx_word' id='word_1_84' title='bbox 931 1459 1192 1522; x_wconf 87' lang='lat' dir='ltr'><strong>visuros</strong></span> <span class='ocrx_word' id='word_1_85' title='bbox 1233 1459 1361 1522; x_wconf 89' lang='lat' dir='ltr'><strong>nisi</strong></span> <span class='ocrx_word' id='word_1_86' title='bbox 1402 1458 1580 1523; x_wconf 87' lang='lat' dir='ltr'><strong>illam</strong></span> <span class='ocrx_word' id='word_1_87' title='bbox 1624 1459 2144 1524; x_wconf 77' lang='lat' dir='ltr'><strong>desiderabilem.</strong></span> <span class='ocrx_word' id='word_1_88' title='bbox 2229 1460 2453 1543; x_wconf 75' lang='lat' dir='ltr'><strong>Magis</strong></span> <span class='ocrx_word' id='word_1_89' title='bbox 2495 1469 2711 1524; x_wconf 82' lang='lat' dir='ltr'><strong>autem</strong></span> 
     </span>
     <span class='ocr_line' id='line_1_12' title="bbox 370 1560 2714 1648; baseline 0.003 -25"><span class='ocrx_word' id='word_1_90' title='bbox 370 1560 662 1642; x_wconf 88' lang='lat' dir='ltr'><strong>poenalis</strong></span> <span class='ocrx_word' id='word_1_91' title='bbox 704 1562 827 1624; x_wconf 86' lang='lat' dir='ltr'><strong>fuit</strong></span> <span class='ocrx_word' id='word_1_92' title='bbox 861 1561 975 1624; x_wconf 88' lang='lat' dir='ltr'><strong>illa</strong></span> <span class='ocrx_word' id='word_1_93' title='bbox 1012 1561 1287 1626; x_wconf 83' lang='lat' dir='ltr'><strong>tardatio</strong></span> <span class='ocrx_word' id='word_1_94' title='bbox 1331 1562 1587 1648; x_wconf 81' lang='lat' dir='ltr'><strong>domino</strong></span> <span class='ocrx_word' id='word_1_95' title='bbox 1632 1573 1902 1647; x_wconf 88' lang='lat' dir='ltr'><strong>patrono</strong></span> <span class='ocrx_word' id='word_1_96' title='bbox 1949 1573 2015 1626; x_wconf 88' lang='lat' dir='ltr'><strong>et</strong></span> <span class='ocrx_word' id='word_1_97' title='bbox 2057 1564 2234 1648; x_wconf 90' lang='lat' dir='ltr'><strong>suis,</strong></span> <span class='ocrx_word' id='word_1_98' title='bbox 2280 1568 2584 1630; x_wconf 84' lang='lat' dir='ltr'><strong>timentes</strong></span> <span class='ocrx_word' id='word_1_99' title='bbox 2628 1584 2714 1630; x_wconf 88' lang='lat' dir='ltr'><strong>ne</strong></span> 
     </span>
     <span class='ocr_line' id='line_1_13' title="bbox 369 1665 2710 1753; baseline 0.003 -26"><span class='ocrx_word' id='word_1_100' title='bbox 369 1665 809 1750; x_wconf 83' lang='lat' dir='ltr'><strong>Augustinus,</strong></span> <span class='ocrx_word' id='word_1_101' title='bbox 855 1667 964 1749; x_wconf 86' lang='lat' dir='ltr'><strong>qui</strong></span> <span class='ocrx_word' id='word_1_102' title='bbox 1016 1684 1138 1729; x_wconf 88' lang='lat' dir='ltr'><strong>nos</strong></span> <span class='ocrx_word' id='word_1_103' title='bbox 1179 1678 1633 1749; x_wconf 73' lang='lat' dir='ltr'><strong>praecesserat</strong></span> <span class='ocrx_word' id='word_1_104' title='bbox 1688 1687 1834 1731; x_wconf 89' lang='lat' dir='ltr'><strong>cum</strong></span> <span class='ocrx_word' id='word_1_105' title='bbox 1876 1669 2019 1733; x_wconf 85' lang='lat' dir='ltr'><strong>suis</strong></span> <span class='ocrx_word' id='word_1_106' title='bbox 2067 1671 2429 1753; x_wconf 79' lang='lat' dir='ltr'><strong>peregrinis</strong></span> <span class='ocrx_word' id='word_1_107' title='bbox 2473 1679 2710 1733; x_wconf 88' lang='lat' dir='ltr'><strong>terram</strong></span> 
     </span>
     <span class='ocr_line' id='line_1_14' title="bbox 370 1770 2720 1857; baseline 0.003 -25"><span class='ocrx_word' id='word_1_108' title='bbox 370 1780 663 1834; x_wconf 80' lang='lat' dir='ltr'><strong>sanctam</strong></span> <span class='ocrx_word' id='word_1_109' title='bbox 706 1770 958 1855; x_wconf 83' lang='lat' dir='ltr'><strong>ingredi</strong></span> <span class='ocrx_word' id='word_1_110' title='bbox 1014 1775 1488 1854; x_wconf 82' lang='lat' dir='ltr'><strong>permitteretur</strong></span> <span class='ocrx_word' id='word_1_111' title='bbox 1571 1781 1724 1836; x_wconf 88' lang='lat' dir='ltr'><strong>ante</strong></span> <span class='ocrx_word' id='word_1_112' title='bbox 1777 1782 2064 1836; x_wconf 88' lang='lat' dir='ltr'><strong>nostrum</strong></span> <span class='ocrx_word' id='word_1_113' title='bbox 2121 1773 2465 1837; x_wconf 85' lang='lat' dir='ltr'><strong>adventum</strong></span> <span class='ocrx_word' id='word_1_114' title='bbox 2484 1819 2504 1856; x_wconf 92' lang='lat'>‚</span> <span class='ocrx_word' id='word_1_115' title='bbox 2566 1775 2720 1857; x_wconf 73' lang='lat' dir='ltr'><strong>quia</strong></span> 
     </span>
     <span class='ocr_line' id='line_1_15' title="bbox 370 1871 2711 1960; baseline 0.003 -25"><span class='ocrx_word' id='word_1_116' title='bbox 370 1876 429 1935; x_wconf 87' lang='grc'><strong>81</strong></span> <span class='ocrx_word' id='word_1_117' title='bbox 461 1871 598 1944; x_wconf 72' lang='lat' dir='ltr'><strong>‚hoc</strong></span> <span class='ocrx_word' id='word_1_118' title='bbox 641 1875 882 1939; x_wconf 78' lang='lat' dir='ltr'><strong>sactum</strong></span> <span class='ocrx_word' id='word_1_119' title='bbox 911 1876 1171 1958; x_wconf 79' lang='lat' dir='ltr'><strong>suisset,</strong></span> <span class='ocrx_word' id='word_1_120' title='bbox 1197 1877 1438 1941; x_wconf 84' lang='lat' dir='ltr'><strong>tamdiu</strong></span> <span class='ocrx_word' id='word_1_121' title='bbox 1472 1879 1867 1959; x_wconf 82' lang='lat' dir='ltr'><strong>oportuisset</strong></span> <span class='ocrx_word' id='word_1_122' title='bbox 1898 1895 2020 1941; x_wconf 89' lang='lat' dir='ltr'><strong>nos</strong></span> <span class='ocrx_word' id='word_1_123' title='bbox 2045 1879 2112 1941; x_wconf 91' lang='lat' dir='ltr'><strong>in</strong></span> <span class='ocrx_word' id='word_1_124' title='bbox 2151 1888 2341 1960; x_wconf 88' lang='lat' dir='ltr'><strong>portu</strong></span> <span class='ocrx_word' id='word_1_125' title='bbox 2365 1880 2711 1959; x_wconf 77' lang='lat' dir='ltr'><strong>mansisse,</strong></span> 
     </span>
     <span class='ocr_line' id='line_1_16' title="bbox 341 1976 2747 2067; baseline 0.003 -25"><span class='ocrx_word' id='word_1_126' title='bbox 341 1976 712 2064; x_wconf 76' lang='lat' dir='ltr'><strong>‘quousque</strong></span> <span class='ocrx_word' id='word_1_127' title='bbox 760 1980 854 2043; x_wconf 91' lang='lat' dir='ltr'><strong>illi</strong></span> <span class='ocrx_word' id='word_1_128' title='bbox 916 1982 1495 2064; x_wconf 80' lang='lat' dir='ltr'><strong>peregrinationem</strong></span> <span class='ocrx_word' id='word_1_129' title='bbox 1554 1999 1742 2043; x_wconf 89' lang='lat' dir='ltr'><strong>suam</strong></span> <span class='ocrx_word' id='word_1_130' title='bbox 1799 1984 2244 2067; x_wconf 84' lang='lat' dir='ltr'><strong>peregissent,</strong></span> <span class='ocrx_word' id='word_1_131' title='bbox 2301 1992 2366 2046; x_wconf 90' lang='lat' dir='ltr'><strong>et</strong></span> <span class='ocrx_word' id='word_1_132' title='bbox 2411 1982 2496 2046; x_wconf 88' lang='lat' dir='ltr'><strong>ad</strong></span> <span class='ocrx_word' id='word_1_133' title='bbox 2540 2001 2747 2052; x_wconf 66' lang='lat' dir='ltr'><strong>mam.</strong></span> 
     </span>
     <span class='ocr_line' id='line_1_17' title="bbox 378 2084 2718 2170; baseline 0.002 -25"><span class='ocrx_word' id='word_1_134' title='bbox 378 2085 627 2147; x_wconf 87' lang='lat' dir='ltr'><strong>reversi</strong></span> <span class='ocrx_word' id='word_1_135' title='bbox 673 2084 984 2148; x_wconf 78' lang='lat' dir='ltr'><strong>fuissent:</strong></span> <span class='ocrx_word' id='word_1_136' title='bbox 1053 2095 1121 2148; x_wconf 94' lang='lat' dir='ltr'><strong>et</strong></span> <span class='ocrx_word' id='word_1_137' title='bbox 1160 2086 1286 2149; x_wconf 89' lang='lat' dir='ltr'><strong>hoc</strong></span> <span class='ocrx_word' id='word_1_138' title='bbox 1327 2085 1562 2147; x_wconf 79' lang='lat' dir='ltr'><strong>suisset</strong></span> <span class='ocrx_word' id='word_1_139' title='bbox 1604 2104 1779 2149; x_wconf 86' lang='lat' dir='ltr'><strong>mors</strong></span> <span class='ocrx_word' id='word_1_140' title='bbox 1821 2097 2076 2170; x_wconf 87' lang='lat' dir='ltr'><strong>nostra,</strong></span> <span class='ocrx_word' id='word_1_141' title='bbox 2137 2097 2205 2150; x_wconf 90' lang='lat' dir='ltr'><strong>et</strong></span> <span class='ocrx_word' id='word_1_142' title='bbox 2246 2089 2437 2151; x_wconf 87' lang='lat' dir='ltr'><strong>nobis</strong></span> <span class='ocrx_word' id='word_1_143' title='bbox 2479 2085 2718 2151; x_wconf 87' lang='lat' dir='ltr'><strong>intole-</strong></span> 
     </span>
     <span class='ocr_line' id='line_1_18' title="bbox 374 2187 2718 2275; baseline 0.002 -25"><span class='ocrx_word' id='word_1_144' title='bbox 374 2187 594 2253; x_wconf 88' lang='lat' dir='ltr'><strong>rabile.</strong></span> <span class='ocrx_word' id='word_1_145' title='bbox 636 2188 711 2251; x_wconf 87' lang='lat' dir='ltr'><strong>Si</strong></span> <span class='ocrx_word' id='word_1_146' title='bbox 752 2191 921 2252; x_wconf 90' lang='lat' dir='ltr'><strong>enim</strong></span> <span class='ocrx_word' id='word_1_147' title='bbox 965 2192 1034 2252; x_wconf 92' lang='lat' dir='ltr'><strong>in</strong></span> <span class='ocrx_word' id='word_1_148' title='bbox 1086 2199 1275 2272; x_wconf 91' lang='lat' dir='ltr'><strong>portu</strong></span> <span class='ocrx_word' id='word_1_149' title='bbox 1318 2199 1840 2254; x_wconf 85' lang='lat' dir='ltr'><strong>terrae-sanetae</strong></span> <span class='ocrx_word' id='word_1_150' title='bbox 1883 2210 2000 2255; x_wconf 83' lang='lat' dir='ltr'><strong>eos</strong></span> <span class='ocrx_word' id='word_1_151' title='bbox 2042 2211 2173 2255; x_wconf 90' lang='lat' dir='ltr'><strong>non</strong></span> <span class='ocrx_word' id='word_1_152' title='bbox 2214 2192 2718 2275; x_wconf 81' lang='lat' dir='ltr'><strong>invenissemus,</strong></span> 
     </span>
     <span class='ocr_line' id='line_1_19' title="bbox 376 2293 2718 2380; baseline 0.002 -25"><span class='ocrx_word' id='word_1_153' title='bbox 376 2295 594 2356; x_wconf 88' lang='lat' dir='ltr'><strong>statim</strong></span> <span class='ocrx_word' id='word_1_154' title='bbox 638 2296 707 2360; x_wconf 91' lang='lat' dir='ltr'><strong>in</strong></span> <span class='ocrx_word' id='word_1_155' title='bbox 750 2293 1040 2379; x_wconf 86' lang='lat' dir='ltr'><strong>Cyprum</strong></span> <span class='ocrx_word' id='word_1_156' title='bbox 1100 2295 1339 2358; x_wconf 89' lang='lat' dir='ltr'><strong>reverti</strong></span> <span class='ocrx_word' id='word_1_157' title='bbox 1383 2313 1505 2357; x_wconf 89' lang='lat' dir='ltr'><strong>nos</strong></span> <span class='ocrx_word' id='word_1_158' title='bbox 1569 2309 1853 2358; x_wconf 78' lang='lat' dir='ltr'><strong>necesse</strong></span> <span class='ocrx_word' id='word_1_159' title='bbox 1910 2295 2175 2379; x_wconf 82' lang='lat' dir='ltr'><strong>fuisset,</strong></span> <span class='ocrx_word' id='word_1_160' title='bbox 2238 2305 2305 2358; x_wconf 92' lang='lat' dir='ltr'><strong>et</strong></span> <span class='ocrx_word' id='word_1_161' title='bbox 2346 2296 2434 2359; x_wconf 92' lang='lat' dir='ltr'><strong>ibi</strong></span> <span class='ocrx_word' id='word_1_162' title='bbox 2477 2294 2718 2380; x_wconf 85' lang='lat' dir='ltr'><strong>degere</strong></span> 
     </span>
     <span class='ocr_line' id='line_1_20' title="bbox 374 2397 2719 2483; baseline -0.001 -19"><span class='ocrx_word' id='word_1_163' title='bbox 374 2417 585 2483; x_wconf 86' lang='lat' dir='ltr'><strong>usque</strong></span> <span class='ocrx_word' id='word_1_164' title='bbox 638 2398 722 2461; x_wconf 89' lang='lat' dir='ltr'><strong>ad</strong></span> <span class='ocrx_word' id='word_1_165' title='bbox 778 2399 1048 2463; x_wconf 87' lang='lat' dir='ltr'><strong>reditum</strong></span> <span class='ocrx_word' id='word_1_166' title='bbox 1126 2417 1367 2462; x_wconf 89' lang='lat' dir='ltr'><strong>eorum.</strong></span> <span class='ocrx_word' id='word_1_167' title='bbox 1454 2397 1655 2476; x_wconf 80' lang='lat' dir='ltr'><strong>Porro</strong></span> <span class='ocrx_word' id='word_1_168' title='bbox 1736 2408 1885 2481; x_wconf 87' lang='lat' dir='ltr'><strong>post</strong></span> <span class='ocrx_word' id='word_1_169' title='bbox 1946 2400 2109 2462; x_wconf 86' lang='lat' dir='ltr'><strong>solis</strong></span> <span class='ocrx_word' id='word_1_170' title='bbox 2171 2416 2473 2464; x_wconf 83' lang='lat' dir='ltr'><strong>occasum</strong></span> <span class='ocrx_word' id='word_1_171' title='bbox 2534 2399 2719 2466; x_wconf 85' lang='lat' dir='ltr'><strong>venit</strong></span> 
     </span>
     <span class='ocr_line' id='line_1_21' title="bbox 373 2503 2720 2588; baseline -0.001 -21"><span class='ocrx_word' id='word_1_172' title='bbox 373 2504 591 2567; x_wconf 87' lang='lat' dir='ltr'><strong>tenuis</strong></span> <span class='ocrx_word' id='word_1_173' title='bbox 633 2511 907 2587; x_wconf 88' lang='lat' dir='ltr'><strong>ventus,</strong></span> <span class='ocrx_word' id='word_1_174' title='bbox 960 2505 1065 2567; x_wconf 92' lang='lat' dir='ltr'><strong>cui</strong></span> <span class='ocrx_word' id='word_1_175' title='bbox 1107 2522 1344 2569; x_wconf 84' lang='lat' dir='ltr'><strong>navem</strong></span> <span class='ocrx_word' id='word_1_176' title='bbox 1407 2503 1888 2580; x_wconf 81' lang='lat' dir='ltr'><strong>commisimus,</strong></span> <span class='ocrx_word' id='word_1_177' title='bbox 1957 2513 2020 2566; x_wconf 85' lang='lat' dir='ltr'><strong>et</strong></span> <span class='ocrx_word' id='word_1_178' title='bbox 2064 2522 2292 2588; x_wconf 87' lang='lat' dir='ltr'><strong>parum</strong></span> <span class='ocrx_word' id='word_1_179' title='bbox 2357 2512 2549 2570; x_wconf 87' lang='lat' dir='ltr'><strong>nocte</strong></span> <span class='ocrx_word' id='word_1_180' title='bbox 2605 2503 2720 2566; x_wconf 82' lang='lat' dir='ltr'><strong>illa</strong></span> 
     </span>
     <span class='ocr_line' id='line_1_22' title="bbox 374 2610 759 2696; baseline 0.003 -25"><span class='ocrx_word' id='word_1_181' title='bbox 374 2610 759 2696; x_wconf 87' lang='lat' dir='ltr'><strong>serpuimus.</strong></span> 
     </span>
    </p>

    <p class='ocr_par' dir='ltr' id='par_1_3' title="bbox 375 2711 2720 3843">
     <span class='ocr_line' id='line_1_23' title="bbox 544 2711 2714 2796; baseline -0.001 -20"><span class='ocrx_word' id='word_1_182' title='bbox 544 2714 881 2777; x_wconf 88' lang='lat' dir='ltr'><strong>Vicesima</strong></span> <span class='ocrx_word' id='word_1_183' title='bbox 949 2731 1121 2776; x_wconf 84' lang='lat' dir='ltr'><strong>nona</strong></span> <span class='ocrx_word' id='word_1_184' title='bbox 1189 2711 1327 2796; x_wconf 89' lang='lat' dir='ltr'><strong>die,</strong></span> <span class='ocrx_word' id='word_1_185' title='bbox 1403 2731 1572 2795; x_wconf 85' lang='lat' dir='ltr'><strong>quae</strong></span> <span class='ocrx_word' id='word_1_186' title='bbox 1642 2720 1748 2775; x_wconf 82' lang='lat' dir='ltr'><strong>est</strong></span> <span class='ocrx_word' id='word_1_187' title='bbox 1813 2720 2182 2775; x_wconf 82' lang='lat' dir='ltr'><strong>sanctorum</strong></span> <span class='ocrx_word' id='word_1_188' title='bbox 2254 2711 2714 2796; x_wconf 78' lang='lat' dir='ltr'><strong>Apostolorum</strong></span> 
     </span>
     <span class='ocr_line' id='line_1_24' title="bbox 377 2814 2716 2901; baseline -0.002 -20"><span class='ocrx_word' id='word_1_189' title='bbox 377 2817 557 2881; x_wconf 87' lang='lat' dir='ltr'><strong>Petri</strong></span> <span class='ocrx_word' id='word_1_190' title='bbox 600 2826 663 2881; x_wconf 87' lang='lat' dir='ltr'><strong>et</strong></span> <span class='ocrx_word' id='word_1_191' title='bbox 719 2816 937 2901; x_wconf 87' lang='lat' dir='ltr'><strong>Pauli,</strong></span> <span class='ocrx_word' id='word_1_192' title='bbox 993 2825 1063 2879; x_wconf 85' lang='lat' dir='ltr'><strong>et</strong></span> <span class='ocrx_word' id='word_1_193' title='bbox 1117 2828 1257 2881; x_wconf 88' lang='lat' dir='ltr'><strong>erat</strong></span> <span class='ocrx_word' id='word_1_194' title='bbox 1321 2816 1641 2882; x_wconf 85' lang='lat' dir='ltr'><strong>dominica</strong></span> <span class='ocrx_word' id='word_1_195' title='bbox 1679 2818 1766 2881; x_wconf 87' lang='lat' dir='ltr'><strong>V</strong></span> <span class='ocrx_word' id='word_1_196' title='bbox 1833 2825 1985 2900; x_wconf 85' lang='lat' dir='ltr'><strong>post</strong></span> <span class='ocrx_word' id='word_1_197' title='bbox 2040 2817 2413 2899; x_wconf 77' lang='lat' dir='ltr'><strong>Trinitatis,</strong></span> <span class='ocrx_word' id='word_1_198' title='bbox 2465 2814 2716 2898; x_wconf 86' lang='lat' dir='ltr'><strong>impulit</strong></span> 
     </span>
     <span class='ocr_line' id='line_1_25' title="bbox 382 2922 2717 3005; baseline -0.001 -21"><span class='ocrx_word' id='word_1_199' title='bbox 382 2939 505 2985; x_wconf 84' lang='lat' dir='ltr'><strong>nos</strong></span> <span class='ocrx_word' id='word_1_200' title='bbox 546 2930 784 2984; x_wconf 87' lang='lat' dir='ltr'><strong>ventus</strong></span> <span class='ocrx_word' id='word_1_201' title='bbox 826 2922 1188 2986; x_wconf 86' lang='lat' dir='ltr'><strong>contrarius</strong></span> <span class='ocrx_word' id='word_1_202' title='bbox 1238 2931 1624 3005; x_wconf 86' lang='lat' dir='ltr'><strong>retrorsum,</strong></span> <span class='ocrx_word' id='word_1_203' title='bbox 1689 2930 1754 2985; x_wconf 88' lang='lat' dir='ltr'><strong>et</strong></span> <span class='ocrx_word' id='word_1_204' title='bbox 1796 2939 1999 3004; x_wconf 88' lang='lat' dir='ltr'><strong>prope</strong></span> <span class='ocrx_word' id='word_1_205' title='bbox 2039 2931 2290 3005; x_wconf 90' lang='lat' dir='ltr'><strong>portum</strong></span> <span class='ocrx_word' id='word_1_206' title='bbox 2331 2922 2717 2985; x_wconf 86' lang='lat' dir='ltr'><strong>limonicen-</strong></span> 
     </span>
     <span class='ocr_line' id='line_1_26' title="bbox 378 3026 2717 3111; baseline -0 -22"><span class='ocrx_word' id='word_1_207' title='bbox 378 3043 552 3108; x_wconf 90' lang='lat' dir='ltr'><strong>sem,</strong></span> <span class='ocrx_word' id='word_1_208' title='bbox 634 3043 828 3109; x_wconf 83' lang='lat' dir='ltr'><strong>quem</strong></span> <span class='ocrx_word' id='word_1_209' title='bbox 909 3028 1140 3111; x_wconf 83' lang='lat' dir='ltr'><strong>quinta</strong></span> <span class='ocrx_word' id='word_1_210' title='bbox 1222 3026 1404 3090; x_wconf 79' lang='lat' dir='ltr'><strong>seria·</strong></span> <span class='ocrx_word' id='word_1_211' title='bbox 1464 3026 1995 3111; x_wconf 71' lang='lat' dir='ltr'><strong>praeterivimuS,</strong></span> <span class='ocrx_word' id='word_1_212' title='bbox 2071 3027 2403 3091; x_wconf 83' lang='lat' dir='ltr'><strong>venimus:</strong></span> <span class='ocrx_word' id='word_1_213' title='bbox 2499 3026 2717 3110; x_wconf 84' lang='lat' dir='ltr'><strong>ibique</strong></span> 
     </span>
     <span class='ocr_line' id='line_1_27' title="bbox 375 3130 2717 3214; baseline 0 -21"><span class='ocrx_word' id='word_1_214' title='bbox 375 3132 723 3196; x_wconf 77' lang='lat' dir='ltr'><strong>anchoram</strong></span> <span class='ocrx_word' id='word_1_215' title='bbox 757 3130 1036 3194; x_wconf 83' lang='lat' dir='ltr'><strong>fiximus.</strong></span> <span class='ocrx_word' id='word_1_216' title='bbox 1098 3130 1363 3196; x_wconf 74' lang='lat' dir='ltr'><strong>Galeoti</strong></span> <span class='ocrx_word' id='word_1_217' title='bbox 1406 3140 1620 3196; x_wconf 89' lang='lat' dir='ltr'><strong>autem</strong></span> <span class='ocrx_word' id='word_1_218' title='bbox 1662 3132 2337 3214; x_wconf 84' lang='lat' dir='ltr'><strong>acceptis‘securilms</strong></span> <span class='ocrx_word' id='word_1_219' title='bbox 2376 3131 2444 3193; x_wconf 86' lang='lat' dir='ltr'><strong>in</strong></span> <span class='ocrx_word' id='word_1_220' title='bbox 2488 3147 2717 3193; x_wconf 85' lang='lat' dir='ltr'><strong>nemus</strong></span> 
     </span>
     <span class='ocr_line' id='line_1_28' title="bbox 378 3225 2718 3321; baseline -0.001 -23"><span class='ocrx_word' id='word_1_221' title='bbox 378 3235 802 3321; x_wconf 87' lang='lat' dir='ltr'><strong>propinquum</strong></span> <span class='ocrx_word' id='word_1_222' title='bbox 840 3237 1346 3319; x_wconf 84' lang='lat' dir='ltr'><strong>navigaverunt,</strong></span> <span class='ocrx_word' id='word_1_223' title='bbox 1409 3236 1762 3302; x_wconf 81' lang='lat' dir='ltr'><strong>caedentes</strong></span> <span class='ocrx_word' id='word_1_224' title='bbox 1803 3225 1983 3320; x_wconf 81' lang='lat' dir='ltr'><strong>li&#39;gna</strong></span> <span class='ocrx_word' id='word_1_225' title='bbox 2033 3236 2119 3300; x_wconf 89' lang='lat' dir='ltr'><strong>ad</strong></span> <span class='ocrx_word' id='word_1_226' title='bbox 2160 3237 2529 3319; x_wconf 81' lang='lat' dir='ltr'><strong>coquinam,</strong></span> <span class='ocrx_word' id='word_1_227' title='bbox 2594 3251 2718 3296; x_wconf 88' lang='lat' dir='ltr'><strong>nee</strong></span> 
     </span>
     <span class='ocr_line' id='line_1_29' title="bbox 377 3336 2717 3425; baseline -0.001 -22"><span class='ocrx_word' id='word_1_228' title='bbox 377 3340 752 3423; x_wconf 79' lang='lat' dir='ltr'><strong>cogitabant</strong></span> <span class='ocrx_word' id='word_1_229' title='bbox 789 3358 941 3403; x_wconf 85' lang='lat' dir='ltr'><strong>esse</strong></span> <span class='ocrx_word' id='word_1_230' title='bbox 996 3341 1234 3405; x_wconf 83' lang='lat' dir='ltr'><strong>festum</strong></span> <span class='ocrx_word' id='word_1_231' title='bbox 1253 3342 1717 3425; x_wconf 81' lang='lat' dir='ltr'><strong>Apostolorum</strong></span> <span class='ocrx_word' id='word_1_232' title='bbox 1761 3350 1829 3404; x_wconf 89' lang='lat' dir='ltr'><strong>et</strong></span> <span class='ocrx_word' id='word_1_233' title='bbox 1870 3341 2038 3405; x_wconf 81' lang='lat' dir='ltr'><strong>diem</strong></span> <span class='ocrx_word' id='word_1_234' title='bbox 2083 3340 2486 3404; x_wconf 79' lang='lat' dir='ltr'><strong>dominicum.</strong></span> <span class='ocrx_word' id='word_1_235' title='bbox 2548 3336 2717 3401; x_wconf 85' lang='lat' dir='ltr'><strong>Cum</strong></span> 
     </span>
     <span class='ocr_line' id='line_1_30' title="bbox 380 3443 2720 3529; baseline -0.001 -22"><span class='ocrx_word' id='word_1_236' title='bbox 380 3453 597 3508; x_wconf 89' lang='lat' dir='ltr'><strong>autem</strong></span> <span class='ocrx_word' id='word_1_237' title='bbox 637 3463 785 3508; x_wconf 88' lang='lat' dir='ltr'><strong>sero</strong></span> <span class='ocrx_word' id='word_1_238' title='bbox 842 3445 1082 3509; x_wconf 83' lang='lat' dir='ltr'><strong>factum</strong></span> <span class='ocrx_word' id='word_1_239' title='bbox 1146 3457 1356 3529; x_wconf 86' lang='lat' dir='ltr'><strong>esset,</strong></span> <span class='ocrx_word' id='word_1_240' title='bbox 1418 3456 1702 3511; x_wconf 89' lang='lat' dir='ltr'><strong>mutatus</strong></span> <span class='ocrx_word' id='word_1_241' title='bbox 1758 3453 1865 3509; x_wconf 85' lang='lat' dir='ltr'><strong>est</strong></span> <span class='ocrx_word' id='word_1_242' title='bbox 1932 3454 2170 3510; x_wconf 84' lang='lat' dir='ltr'><strong>ventus</strong></span> <span class='ocrx_word' id='word_1_243' title='bbox 2216 3446 2283 3508; x_wconf 85' lang='lat' dir='ltr'><strong>in</strong></span> <span class='ocrx_word' id='word_1_244' title='bbox 2342 3443 2607 3525; x_wconf 87' lang='lat' dir='ltr'><strong>melius,</strong></span> <span class='ocrx_word' id='word_1_245' title='bbox 2651 3452 2720 3505; x_wconf 85' lang='lat' dir='ltr'><strong>et</strong></span> 
     </span>
     <span class='ocr_line' id='line_1_31' title="bbox 378 3546 2719 3636; baseline -0.003 -22"><span class='ocrx_word' id='word_1_246' title='bbox 378 3550 593 3614; x_wconf 87' lang='lat' dir='ltr'><strong>soluta</strong></span> <span class='ocrx_word' id='word_1_247' title='bbox 634 3552 790 3612; x_wconf 84' lang='lat' dir='ltr'><strong>navi</strong></span> <span class='ocrx_word' id='word_1_248' title='bbox 831 3560 1102 3633; x_wconf 80' lang='lat' dir='ltr'><strong>repente</strong></span> <span class='ocrx_word' id='word_1_249' title='bbox 1144 3569 1187 3612; x_wconf 82' lang='lat' dir='ltr'><strong>a</strong></span> <span class='ocrx_word' id='word_1_250' title='bbox 1227 3550 1450 3634; x_wconf 81' lang='lat' dir='ltr'><strong>Cypro</strong></span> <span class='ocrx_word' id='word_1_251' title='bbox 1491 3551 1730 3614; x_wconf 88' lang='lat' dir='ltr'><strong>sublati</strong></span> <span class='ocrx_word' id='word_1_252' title='bbox 1770 3567 2003 3636; x_wconf 68' lang='lat' dir='ltr'><strong>sumus</strong></span> <span class='ocrx_word' id='word_1_253' title='bbox 2029 3549 2096 3610; x_wconf 91' lang='lat' dir='ltr'><strong>in</strong></span> <span class='ocrx_word' id='word_1_254' title='bbox 2136 3547 2331 3611; x_wconf 88' lang='lat' dir='ltr'><strong>maris</strong></span> <span class='ocrx_word' id='word_1_255' title='bbox 2374 3546 2607 3630; x_wconf 89' lang='lat' dir='ltr'><strong>altum,</strong></span> <span class='ocrx_word' id='word_1_256' title='bbox 2651 3555 2719 3608; x_wconf 90' lang='lat' dir='ltr'><strong>et</strong></span> 
     </span>
     <span class='ocr_line' id='line_1_32' title="bbox 381 3651 2719 3776; baseline -0.002 -59"><span class='ocrx_word' id='word_1_257' title='bbox 381 3655 624 3718; x_wconf 87' lang='lat' dir='ltr'><strong>nullam</strong></span> <span class='ocrx_word' id='word_1_258' title='bbox 687 3663 924 3718; x_wconf 86' lang='lat' dir='ltr'><strong>terram</strong></span> <span class='ocrx_word' id='word_1_259' title='bbox 985 3663 1098 3719; x_wconf 89' lang='lat' dir='ltr'><strong>aut</strong></span> <span class='ocrx_word' id='word_1_260' title='bbox 1171 3654 1448 3719; x_wconf 86' lang='lat' dir='ltr'><strong>insulam</strong></span> <span class='ocrx_word' id='word_1_261' title='bbox 1511 3655 1738 3719; x_wconf 85' lang='lat' dir='ltr'><strong>videre</strong></span> <span class='ocrx_word' id='word_1_262' title='bbox 1805 3652 2167 3776; x_wconf 78' lang='lat' dir='ltr'><strong>potuimus,</strong></span> <span class='ocrx_word' id='word_1_263' title='bbox 2246 3653 2400 3735; x_wconf 82' lang='lat' dir='ltr'><strong>quia</strong></span> <span class='ocrx_word' id='word_1_264' title='bbox 2461 3651 2719 3733; x_wconf 87' lang='lat' dir='ltr'><strong>longius</strong></span> 
     </span>
     <span class='ocr_line' id='line_1_33' title="bbox 378 3759 889 3843; baseline -0.002 -20"><span class='ocrx_word' id='word_1_265' title='bbox 378 3759 572 3843; x_wconf 89' lang='lat' dir='ltr'><strong>ejecti</strong></span> <span class='ocrx_word' id='word_1_266' title='bbox 614 3777 889 3824; x_wconf 83' lang='lat' dir='ltr'><strong>eramus.</strong></span> 
     </span>
    </p>

    <p class='ocr_par' dir='ltr' id='par_1_4' title="bbox 376 3856 2721 4365">
     <span class='ocr_line' id='line_1_34' title="bbox 545 3856 2721 3948; baseline -0.003 -20"><span class='ocrx_word' id='word_1_267' title='bbox 545 3863 900 3928; x_wconf 65' lang='lat' dir='ltr'><strong>&#39;tricesima</strong></span> <span class='ocrx_word' id='word_1_268' title='bbox 957 3863 1103 3946; x_wconf 89' lang='lat' dir='ltr'><strong>die,</strong></span> <span class='ocrx_word' id='word_1_269' title='bbox 1170 3880 1339 3946; x_wconf 82' lang='lat' dir='ltr'><strong>quae</strong></span> <span class='ocrx_word' id='word_1_270' title='bbox 1396 3871 1498 3925; x_wconf 87' lang='lat' dir='ltr'><strong>est</strong></span> <span class='ocrx_word' id='word_1_271' title='bbox 1557 3858 2182 3926; x_wconf 64' lang='lat' dir='ltr'><strong>commemorationis</strong></span> <span class='ocrx_word' id='word_1_272' title='bbox 2240 3856 2310 3920; x_wconf 86' lang='lat' dir='ltr'><strong>S.</strong></span> <span class='ocrx_word' id='word_1_273' title='bbox 2340 3857 2591 3948; x_wconf 80' lang='lat' dir='ltr'><strong>Pauli,</strong></span> <span class='ocrx_word' id='word_1_274' title='bbox 2655 3868 2721 3921; x_wconf 89' lang='lat' dir='ltr'><strong>et</strong></span> 
     </span>
     <span class='ocr_line' id='line_1_35' title="bbox 381 3955 2719 4053; baseline -0.002 -21"><span class='ocrx_word' id='word_1_275' title='bbox 381 3969 606 4033; x_wconf 87' lang='lat' dir='ltr'><strong>ultima</strong></span> <span class='ocrx_word' id='word_1_276' title='bbox 663 3969 874 4053; x_wconf 84' lang='lat' dir='ltr'><strong>Junii,</strong></span> <span class='ocrx_word' id='word_1_277' title='bbox 943 3968 1191 4032; x_wconf 84' lang='lat' dir='ltr'><strong>fortiter</strong></span> <span class='ocrx_word' id='word_1_278' title='bbox 1249 3967 1711 4050; x_wconf 84' lang='lat' dir='ltr'><strong>navigavimus</strong></span> <span class='ocrx_word' id='word_1_279' title='bbox 1765 3975 1833 4028; x_wconf 89' lang='lat' dir='ltr'><strong>et</strong></span> <span class='ocrx_word' id='word_1_280' title='bbox 1873 3955 2021 4029; x_wconf 85' lang='lat' dir='ltr'><strong>cum</strong></span> <span class='ocrx_word' id='word_1_281' title='bbox 2083 3964 2332 4052; x_wconf 84' lang='lat' dir='ltr'><strong>ingenti</strong></span> <span class='ocrx_word' id='word_1_282' title='bbox 2397 3960 2719 4028; x_wconf 82' lang='lat' dir='ltr'><strong>desiderio</strong></span> 
     </span>
     <span class='ocr_line' id='line_1_36' title="bbox 382 4069 2721 4159; baseline -0.003 -23"><span class='ocrx_word' id='word_1_283' title='bbox 382 4076 908 4159; x_wconf 79' lang='lat' dir='ltr'><strong>exspectavimus</strong></span> <span class='ocrx_word' id='word_1_284' title='bbox 953 4072 1129 4137; x_wconf 89' lang='lat' dir='ltr'><strong>illius</strong></span> <span class='ocrx_word' id='word_1_285' title='bbox 1171 4071 1619 4138; x_wconf 79' lang='lat' dir='ltr'><strong>desiderabilis</strong></span> <span class='ocrx_word' id='word_1_286' title='bbox 1662 4081 1728 4136; x_wconf 84' lang='lat' dir='ltr'><strong>et</strong></span> <span class='ocrx_word' id='word_1_287' title='bbox 1769 4069 2003 4134; x_wconf 86' lang='lat' dir='ltr'><strong>nobilis</strong></span> <span class='ocrx_word' id='word_1_288' title='bbox 2032 4078 2242 4134; x_wconf 84' lang='lat' dir='ltr'><strong>terrae</strong></span> <span class='ocrx_word' id='word_1_289' title='bbox 2260 4069 2721 4152; x_wconf 79' lang='lat' dir='ltr'><strong>&#39;promissionis</strong></span> 
     </span>
     <span class='ocr_line' id='line_1_37' title="bbox 376 4172 2721 4262; baseline -0.004 -20"><span class='ocrx_word' id='word_1_290' title='bbox 376 4175 918 4261; x_wconf 76' lang='lat' dir='ltr'><strong>jocundissimum</strong></span> <span class='ocrx_word' id='word_1_291' title='bbox 959 4186 1315 4262; x_wconf 80' lang='lat' dir='ltr'><strong>aspectum.</strong></span> <span class='ocrx_word' id='word_1_292' title='bbox 1359 4176 1545 4242; x_wconf 89' lang='lat' dir='ltr'><strong>Sicut</strong></span> <span class='ocrx_word' id='word_1_293' title='bbox 1584 4178 1755 4242; x_wconf 89' lang='lat' dir='ltr'><strong>enim</strong></span> <span class='ocrx_word' id='word_1_294' title='bbox 1796 4177 2092 4259; x_wconf 81' lang='lat' dir='ltr'><strong>Moyses,</strong></span> <span class='ocrx_word' id='word_1_295' title='bbox 2134 4172 2284 4237; x_wconf 86' lang='lat' dir='ltr'><strong>dum</strong></span> <span class='ocrx_word' id='word_1_296' title='bbox 2316 4193 2434 4257; x_wconf 88' lang='lat' dir='ltr'><strong>per</strong></span> <span class='ocrx_word' id='word_1_297' title='bbox 2473 4173 2721 4238; x_wconf 85' lang='lat' dir='ltr'><strong>vastis-</strong></span> 
     </span>
     <span class='ocr_line' id='line_1_38' title="bbox 377 4279 2718 4365; baseline -0.003 -20"><span class='ocrx_word' id='word_1_298' title='bbox 377 4284 609 4346; x_wconf 78' lang='lat' dir='ltr'><strong>simum</strong></span> <span class='ocrx_word' id='word_1_299' title='bbox 654 4301 938 4346; x_wconf 90' lang='lat' dir='ltr'><strong>eremum</strong></span> <span class='ocrx_word' id='word_1_300' title='bbox 979 4283 1272 4346; x_wconf 86' lang='lat' dir='ltr'><strong>venisset</strong></span> <span class='ocrx_word' id='word_1_301' title='bbox 1314 4287 1380 4345; x_wconf 89' lang='lat' dir='ltr'><strong>et</strong></span> <span class='ocrx_word' id='word_1_302' title='bbox 1423 4293 1634 4347; x_wconf 86' lang='lat' dir='ltr'><strong>terrae</strong></span> <span class='ocrx_word' id='word_1_303' title='bbox 1693 4283 2054 4365; x_wconf 82' lang='lat' dir='ltr'><strong>promissae</strong></span> <span class='ocrx_word' id='word_1_304' title='bbox 2112 4279 2247 4362; x_wconf 87' lang='lat' dir='ltr'><strong>jam</strong></span> <span class='ocrx_word' id='word_1_305' title='bbox 2315 4280 2718 4363; x_wconf 81' lang='lat' dir='ltr'><strong>propinquus</strong></span> 
     </span>
    </p>
   </div>
   <div class='ocr_carea' id='block_1_3' title="bbox 386 4382 2720 4540">
    <p class='ocr_par' dir='ltr' id='par_1_5' title="bbox 386 4382 2720 4540">
     <span class='ocr_line' id='line_1_39' title="bbox 386 4382 2720 4471; baseline -0.003 -20"><span class='ocrx_word' id='word_1_306' title='bbox 386 4396 591 4471; x_wconf 83' lang='lat' dir='ltr'><strong>esset,</strong></span> <span class='ocrx_word' id='word_1_307' title='bbox 626 4387 949 4452; x_wconf 83' lang='lat' dir='ltr'><strong>desiderio</strong></span> <span class='ocrx_word' id='word_1_308' title='bbox 995 4387 1140 4470; x_wconf 86' lang='lat' dir='ltr'><strong>ejus</strong></span> <span class='ocrx_word' id='word_1_309' title='bbox 1182 4405 1502 4452; x_wconf 82' lang='lat' dir='ltr'><strong>accensus</strong></span> <span class='ocrx_word' id='word_1_310' title='bbox 1544 4386 1839 4453; x_wconf 79' lang='lat' dir='ltr'><strong>ascendit</strong></span> <span class='ocrx_word' id='word_1_311' title='bbox 1874 4387 1939 4452; x_wconf 84' lang='lat' dir='ltr'><strong>in</strong></span> <span class='ocrx_word' id='word_1_312' title='bbox 1981 4394 2259 4450; x_wconf 83' lang='lat' dir='ltr'><strong>montem</strong></span> <span class='ocrx_word' id='word_1_313' title='bbox 2303 4388 2368 4445; x_wconf 77' lang='lat' dir='ltr'><strong>in</strong></span> <span class='ocrx_word' id='word_1_314' title='bbox 2412 4382 2720 4456; x_wconf 80' lang='lat' dir='ltr'><strong>verticem</strong></span> 
     </span>
     <span class='ocr_line' id='line_1_40' title="bbox 2184 4484 2296 4540; baseline -0.009 0"><span class='ocrx_word' id='word_1_315' title='bbox 2184 4484 2296 4540; x_wconf 78' lang='lat'><strong>12*</strong></span> 
     </span>
    </p>
   </div>
  </div>
 </body>
</html>
