3242 5259
1667 322 1795 390 488

577 504 809 569 multas
834 520 1154 566 murorum
1179 504 1404 567 ruinas
1446 503 1679 568 atrium
1711 504 2036 569 ecelesiae
2066 504 2298 567 heatae
2328 502 2947 591 Virginirmgnssi

577 626 824 690 snmus,
861 617 926 670 et
967 608 1058 670 ihi
1103 610 1451 690 resignatis
1494 611 1703 673 asinis
1746 609 1891 672 suis
1933 607 2319 675 custodibus
2352 594 2705 681 adeledam
2722 628 2945 675 sanc-

578 723 708 777 tam
750 712 1031 795 ingressi
1073 727 1320 793 sumus,
1362 720 1430 775 et
1468 712 1889 797 procidentes
1929 714 1997 775 in
2041 712 2249 779 facies
2289 722 2550 783 nostras
2575 714 2946 799 indulgen-

585 818 711 880 tias
754 817 1087 898 plenariae
1128 816 1535 881 remissionis
1578 819 1948 901 accepimns
1991 816 2180 899 (ᾗ).
2286 817 2373 880 Et
2427 828 2783 903 surgentes
2854 821 2945 887 ab

579 924 869 987 cratinus
912 920 995 983 de
1035 920 1476 1004 maghitudine
1518 931 1586 986 et
1623 920 2100 1007 pulchritudine
2140 921 2317 987 illius
2351 923 2673 993 ecclesiae
2708 924 2944 991 vehe-

577 1033 830 1107 menter
870 1024 1224 1107 stupefacti
1283 1043 1512 1093 sumus
1582 1039 1650 1089 et
1692 1026 2118 1093 admiratione
2161 1014 2488 1108 suspensi.
2578 1028 2663 1095 Et
2725 1029 2943 1092 inve-

578 1131 794 1193 nimus
868 1131 936 1191 in
1010 1128 1291 1193 ecclesia
1342 1139 1734 1195 mercatores
1791 1130 1979 1213 illos,
2043 1128 2153 1215 qui
2211 1130 2279 1193 in
2344 1132 2629 1199 ecclesia
2706 1132 2943 1197 sancti

578 1233 906 1317 sepulchri
948 1233 1139 1297 etiam
1180 1234 1439 1300 fuerant
1479 1235 1839 1317 nobiscum,
1881 1238 1988 1318 qui
2035 1235 2406 1301 vendebant
2438 1235 2796 1319 candelas3
2854 1236 2945 1301 dc

580 1339 814 1423 quibus
876 1338 1189 1425 emimus,
1256 1340 1407 1423 quia
1459 1340 1594 1423 jam
1668 1359 1799 1403 uox
1864 1347 2005 1403 erat
2068 1340 2132 1402 in
2202 1341 2483 1422 foribus,
2558 1351 2628 1404 ct
2690 1341 2797 1406 sol
2868 1342 2944 1407 in

582 1460 823 1507 occasu
843 1451 1023 1508 erat.

575 1691 702 1793 ⁴De
748 1689 1165 1767 visitatione
1219 1697 1630 1766 sanctorum
1681 1688 2026 1780 locorum,
2079 1695 2155 1763 et
2188 1685 2415 1788 primo
2462 1687 2555 1763 de
2596 1688 2942 1766 studorio

986 1805 1102 1885 St.
1155 1809 1538 1912 Ieronynti‚
1590 1820 1669 1885 et
1708 1808 1813 1883 *de
1868 1812 2035 1907 ejus
2084 1806 2496 1923 sepulchro.

750 1989 1237 2057 ordinaverunt
1277 1997 1491 2052 autem
1536 1990 1777 2057 fratres
1817 1991 2298 2074 processionem
2342 2004 2422 2054 eo
2436 2034 2458 2074 ,
2518 2009 2647 2073 quo
2683 1990 2938 2054 dictum

592 2100 695 2156 est
738 2090 846 2156 fol.
885 2093 974 2157 94
1012 2092 1097 2159 A.
1144 2102 1209 2156 et
1260 2094 1384 2159 110
1428 2096 1504 2158 Β.
1588 2078 1951 2159 Eduximus
2015 2095 2185 2158 enim
2250 2096 2314 2157 in
2361 2095 2547 2158 asino
2589 2096 2935 2159 nobiscum

586 2205 964 2263 ornamenta
1005 2204 1074 2263 et
1116 2200 1593 2282 pat-amentatis
1634 2201 1717 2264 de
1780 2208 1994 2265 moute
2036 2196 2223 2281 Syon
2276 2200 2344 2261 in
2385 2199 2791 2283 Bethlehem,
2864 2208 2940 2268 et

585 2302 735 2368 dum
777 2300 1050 2388 quilibet
1111 2312 1313 2367 staret
1354 2306 1420 2369 in
1464 2306 1688 2370 ordine
1729 2324 1873 2387 suo,
1916 2304 2235 2368 habentes
2272 2305 2570 2377 similiter
2604 2321 2934 2369 accensas

584 2406 893 2471 candelas
931 2410 1004 2471 iu
1046 2409 1342 2471 manibus
1362 2454 1383 2492 ,
1437 2410 1682 2493 incepit
1743 2419 1967 2475 cantor
2025 2409 2333 2491 hymnum
2397 2408 2481 2471 de
2543 2409 2934 2475 consessum

585 2531 746 2579 uuo:
829 2514 967 2575 Iste
1025 2512 1369 2579 confessor
1426 2513 1688 2578 Domini
1756 2524 1879 2578 etc.
1998 2514 2081 2576 Eut
2152 2528 2298 2576 cum
2366 2512 2478 2576 illo
2544 2513 2786 2595 hymno
2847 2512 2936 2576 de

588 2616 871 2683 ecclesia
909 2616 1231 2680 exivimus
1272 2620 1338 2680 in
1376 2620 1618 2687 ambitu
1660 2619 1743 2682 ad
1787 2619 1956 2682 latus
1998 2619 2327 2680 sinistrum
2348 2662 2368 2699 ,
2433 2625 2496 2679 et
2556 2619 2622 2679 in
2680 2619 2934 2682 ambitu

583 2742 705 2806 per
785 2720 1106 2806 quoddam
1170 2724 1405 2787 ostium
1481 2724 1762 2808 ingressi
1831 2720 2049 2802 (108
2106 2722 2227 2805 A)
2292 2741 2411 2804 per
2453 2722 2617 2784 XIX
2681 2722 2933 2804 gradus

589 2825 1048 2893 descendimus
1089 2827 1157 2889 in
1183 2846 1374 2891 unam
1413 2828 1744 2911 pulchram
1778 2827 2231 2891 testudinatam
2266 2825 2603 2908 capellam.
2689 2828 2764 2888 In
2800 2826 2934 2890 hoc

588 2930 954 2994 habitacula
1018 2940 1158 2994 erat
1220 2930 1575 2997 studerium
1620 2933 1755 2996 divi
1792 2933 2211 3014 Hieronymi,
2266 2932 2332 2993 in
2377 2951 2505 3015 quo
2548 2931 2786 2994 multos
2859 2936 2930 2993 et

588 3032 784 3097 ducos
844 3033 1099 3099 labores
1191 3037 1432 3100 hahuit.
1547 3039 1646 3100 Ibi
1708 3045 1905 3101 totam
1974 3035 2246 3114 Bibliam
2316 3035 2400 3099 de
2468 3036 2794 3099 Hebraico
2861 3042 2931 3098 et

588 3136 938 3200 Chaldaico
979 3137 1047 3199 in
1087 3138 1390 3205 latinum
1444 3142 1804 3225 transtulit,
1864 3149 1931 3204 et
1981 3143 2051 3203 in
2115 3140 2402 3223 linguam
2469 3128 2791 3225 propriam
2858 3147 2927 3203 et

551 3270 556 3279 ι
587 3239 1025 3321 vernaculam,
1065 3243 1239 3305 sicut
1280 3245 1426 3326 ipse
1471 3253 1750 3309 testatur
1790 3247 1857 3309 in
1898 3246 2177 3328 epistola
2231 3245 2315 3308 ad
2359 3244 2793 3328 Sophronium
2838 3244 2926 3307 de

589 3356 764 3407 nova
803 3342 1122 3427 editione,
1178 3353 1247 3408 et
1286 3348 1354 3410 in
1420 3350 1699 3432 epistola
1761 3349 1847 3413 de
1900 3351 2222 3414 hebraicis
2265 3351 2788 3435 quaestionibus;
2856 3360 2925 3414 et

590 3450 916 3534 prologos,
976 3450 1293 3532 epistolas
1313 3496 1334 3533 ,
1409 3453 1667 3537 glossas
1764 3463 1833 3518 et
1892 3457 2354 3519 commentaria
2417 3454 2716 3518 confecit.
2826 3457 2927 3519 lbi

591 3553 990 3640 psalterium,
1032 3555 1202 3619 sicut
1243 3557 1436 3622 hodie
1483 3558 1663 3622 illum
1704 3559 1897 3623 habet
1938 3560 2225 3623 ecclesia
2260 3560 2574 3641 Romana,
2617 3561 2925 3643 correxit,

592 3657 886 3724 distinxit
960 3669 1029 3725 et
1088 3661 1447 3748 ordinavit,
1516 3676 1581 3730 et
1622 3682 1921 3729 versum:
1967 3665 2176 3747 gloria
2218 3665 2420 3747 Patri,
2469 3672 2538 3727 et.
2577 3663 2730 3747 filio,
2797 3674 2922 3728 eto-

592 3763 683 3826 ibt
724 3763 996 3833 dictavit
1014 3810 1037 3849 ,
1090 3768 1328 3833 multos
1370 3770 1460 3833 ibi
1503 3768 1863 3855 discipulos
1906 3770 2031 3835 sibi
2068 3769 2410 3853 adunavit,
2477 3785 2592 3832 eos
2637 3767 2923 3853 docens3

592 3867 778 3950 virgo
858 3885 1115 3954 semper
1192 3876 1577 3960 permansit,
1644 3877 1896 3941 leonem
1995 3874 2279 3938 ferocem
2358 3873 2788 3938 domesticum
2852 3882 2922 3939 et

592 3972 808 4037 mitem
845 3972 1052 4036 feeit·
1034 3976 1316 4059 ,jugem
1348 3997 1632 4064 pugnam
1668 4000 1816 4046 cum
1858 3979 2205 4044 haereticis
2248 3985 2316 4041 et
2357 3977 2615 4044 vitiosis
2662 3962 2922 4044 clericis

589 4084 655 4137 et
690 4074 883 4141 malis
947 4082 1279 4159 monachis
1330 4083 1579 4155 habuit
1661 4085 1938 4168 Semper
1997 4086 2065 4147 in
2128 4083 2346 4146 labore
2400 4082 2560 4167 fait,
2624 4094 2695 4147 et
2737 4103 2813 4148 se
2850 4084 2921 4145 in

591 4179 760 4245 cella
821 4181 945 4245 hac
1006 4184 1099 4245 ita
1153 4184 1496 4272 fatigavit,
1558 4198 1631 4253 ut
1666 4191 1735 4253 iu
1778 4197 1980 4253 strato
2022 4205 2146 4253 suo
2198 4187 2463 4271 jacens,
2508 4189 2796 4253 funiculo
2838 4186 2920 4251 ad

592 4285 838 4350 trabem
902 4302 1264 4370 suspenso,
1324 4294 1602 4373 supinus
1658 4294 1952 4359 manibus
2008 4311 2085 4358 se
2145 4312 2407 4359 sursum
2476 4295 2795 4375 traheret,
2834 4300 2923 4354 .et

590 4390 876 4457 officium
917 4394 1315 4477 monasterii,
1349 4403 1540 4478 prout
1587 4404 1863 4485 poterat,
1905 4398 2255 4464 enhiheret.
2340 4399 2431 4463 Et
2468 4399 2574 4463 his
2597 4397 2925 4462 laboribus

849 4760 884 4781 X
