3242 5259
559 516 946 599 sumsimus,
1008 523 1076 579 et
1119 527 1269 601 post
1307 515 1649 600 prandium
1694 519 1780 584 ad
1822 519 2292 605 quiescendum
2336 537 2458 585 nos
2521 521 2906 587 locavimus.

557 621 921 685 Praeterita
979 627 1176 683 nocte
1236 621 1658 706 vigilavimus
1710 623 1794 688 ad
1858 642 2176 709 praesepe
2210 625 2502 709 Domini,
2563 635 2626 689 et
2686 627 2910 691 futura

557 734 750 790 nocte
800 728 1028 789 iterum
1087 725 1418 808 vigilaturi
1478 747 1738 793 eramus
1782 729 1865 792 ad
1909 731 2309 795 sanctissimi
2352 730 2611 795 Domini
2668 750 2908 794 mouu-

558 839 859 894 mentum.
948 828 1255 916 Sequitur

1259 1078 1685 1183 Descriptio
1748 1076 2198 1158 Bethlehem.

727 1256 1287 1322 Bethlehemitaus
1311 1261 1834 1345 peregrinatione
1853 1261 2220 1344 praemissa
2256 1268 2460 1323 restat
2491 1278 2665 1325 nunc
2686 1261 2904 1325 locum

556 1365 770 1449 ipsum
813 1363 1216 1428 describere:
1261 1371 1327 1425 et
1368 1366 1574 1449 primo
1596 1365 1952 1448 civitatem,
1993 1362 2514 1429 secundolocum
2538 1368 2905 1429 nativitatis

555 1469 820 1534 Domini
863 1468 1240 1532 describam.

535 1546 543 1575 ¹
718 1573 1098 1636 Bethlehem
1152 1573 1427 1656 antiqua
1483 1574 1721 1661 civitas
1772 1572 1922 1635 olim
1966 1571 2291 1659 quoddam
2356 1592 2589 1636 nomen
2653 1572 2900 1655 habuit,

558 1678 734 1764 quod
784 1678 1120 1762 Scriptura
1188 1696 1318 1741 non
1364 1677 1510 1759 (B)
1554 1679 1921 1760 expressit,
1983 1696 2114 1757 non
2178 1677 2348 1740 enim
2403 1678 2664 1741 invenio
2683 1723 2706 1761 ,
2766 1695 2896 1760 quo

558 1784 819 1847 nomine
858 1789 1225 1865 vocaretur,
1268 1792 1612 1866 antequam
1670 1774 1998 1850 diceretur,
2035 1783 2341 1866 Ephrata.
2428 1781 2624 1847 Dicta
2682 1792 2901 1845 autem

557 1886 677 1950 fuit
718 1885 1010 1969 Ephrata
1051 1884 1129 1947 ab
1183 1903 1388 1948 uxore
1424 1882 1667 1968 Calsb,
1731 1903 1900 1968 qme
1941 1887 2027 1951 ibi
2071 1896 2174 1950 est
2214 1885 2507 1970 sepulta,
2562 1878 2733 1970 quae‘
2772 1887 2901 1949 hoc

555 2008 789 2052 nomen
831 1974 1076 2072 habuit,
1119 1998 1189 2052 ut
1228 1987 1383 2052 dicit
1412 1989 1536 2052 Mt.
1559 1991 1627 2053 in
1651 1990 1829 2073 Spec
1853 1992 2001 2058 hist.
2072 1994 2265 2054 Hauc
2288 1998 2502 2054 autem
2523 1994 2899 2073 Ephratam,

553 2110 822 2161 uxore-
865 2092 1070 2157 Caleb
1092 2138 1111 2176 ,
1179 2094 1397 2158 dicunt
1445 2094 1655 2157 fuisse
1690 2092 1991 2173 Mariam,
2036 2113 2323 2161 sororem
2362 2094 2654 2178 Moysis,
2705 2108 2899 2175 quae,

554 2207 903 2284 antequam
941 2198 1122 2282 lepra
1171 2207 1642 2283 percuteretur,
1700 2199 2036 2264 dicebatur
2057 2201 2288 2283 Maria,
2329 2200 2449 2264 sed
2486 2208 2641 2283 post
2679 2198 2901 2279 leprae

556 2304 975 2368 infectionem
1018 2312 1081 2366 et
1123 2305 1529 2367 sanationem
1575 2304 1751 2368 dicta
1792 2305 1914 2368 fuit
1948 2306 2259 2390 Ephrata,
2293 2312 2364 2368 et
2402 2313 2650 2379 mortua
2686 2308 2789 2363 est
2825 2309 2900 2374 ,91

556 2409 818 2493 sepulta
885 2409 952 2471 in
1014 2407 1273 2471 deserto
1330 2406 1473 2492 Sin,
1529 2418 1603 2473 ut
1668 2410 1941 2474 habetur
1982 2410 2177 2473 Num.
2244 2410 2373 2493 20„
2424 2408 2619 2493 quani
2670 2396 2901 2490 ‘postea

555 2512 980 2576 extumulavit
1033 2510 1280 2596 Caleb,
1348 2531 1622 2596 eamque
1673 2515 1740 2577 in
1781 2514 2185 2598 Bethlehem,
2244 2532 2414 2598 quae
2468 2512 2751 2576 nondum
2796 2513 2900 2573 sic

554 2616 936 2699 dicebatur,
991 2615 1331 2700 sepelivit,
1393 2625 1460 2680 et
1501 2637 1736 2682 nomen
1778 2618 1923 2702 ejus
1968 2619 2217 2682 civitati
2259 2620 2566 2702 attribuit,
2605 2616 2900 2700 Ephrata

557 2738 1085 2805 connuncupans.
1172 2719 1364 2800 Quod
1420 2731 1634 2786 autem
1702 2722 1816 2786 illa
1871 2723 2158 2807 Ephrata
2220 2724 2416 2786 fuerit
2467 2742 2631 2789 uxor
2667 2720 2898 2800 Caleb,

556 2845 785 2891 omnes
842 2835 1105 2910 tenent,
1161 2825 1282 2889 sed
1334 2826 1507 2909 quod
1563 2828 1793 2891 eadem
1852 2830 2048 2892 fuerit
2122 2846 2307 2892 soror
2363 2829 2655 2911 Moysis,
2713 2823 2896 2887 multi

555 2930 1036 3015 contradicunt,
1099 2939 1170 2994 ut
1230 2931 1423 2994 habet
1465 2931 1678 2996 Nicol.
1723 2931 1809 2996 de
1841 2933 2018 3016 Lyra
2079 2949 2279 3016 super
2316 2933 2352 2997 1
2388 2931 2608 3000 Paral.
2643 2931 2731 3013 2,
2778 2928 2895 2992 nbi

554 3035 625 3096 in
687 3043 869 3101 textu
937 3035 1288 3098 manifeste
1341 3035 1634 3120 habetur,
1695 3037 1987 3118 Ephrata
2060 3037 2268 3100 fuisse
2332 3055 2601 3101 uxorem
2665 3033 2891 3097 Caleb.

558 3135 629 3198 S.
668 3137 1067 3222 Jeronymus
1108 3148 1332 3223 tenet,
1378 3139 1551 3222 quod
1599 3140 1889 3222 Ephrata
1931 3140 2124 3204 fuen't
2154 3158 2339 3205 soror
2380 3141 2620 3224 Moysi.
2706 3135 2919 3202 Unde.

557 3239 716 3304 dicit
753 3241 821 3304 iu
860 3242 1161 3325 Epistola
1204 3242 1288 3306 ad
1331 3244 1723 3327 Principiam
1763 3244 2110 3327 virginem:
2148 3248 2361 3311 Maria
2415 3262 2600 3309 soror
2637 3241 2897 3326 Moysis

555 3346 867 3409 victorias
909 3345 1168 3411 Domini
1210 3349 1423 3430 canit,
1459 3356 1525 3410 et
1567 3347 1949 3411 Bethlehem
1991 3359 2282 3414 nostram
2325 3359 2520 3434 atque
2542 3348 2896 3431 Ephratam

557 3451 762 3534 stirpe
802 3434 1081 3515 nominis
1123 3451 1227 3515 sui
1264 3452 1484 3535 signat
1523 3454 1592 3514 iu
1635 3460 1955 3536 posteros.
2044 3453 2274 3518 Multis
2302 3472 2459 3538 ergo
2488 3454 2678 3518 annis
2714 3451 2895 3515 dicta

558 3555 680 3619 fuit
719 3555 885 3619 haec
925 3556 1164 3621 civitas
1209 3555 1557 3621 benedicta
1596 3557 1921 3643 Ephrata,
1962 3575 2174 3642 usque
2211 3566 2365 3643 post
2409 3561 2641 3623 famem
2686 3564 2895 3621 ortam

561 3660 632 3723 in
678 3658 908 3725 diebus
928 3660 1305 3747 Elimelech,
1347 3672 1499 3746 post
1542 3679 1734 3746 quam
1776 3670 1961 3725 tanta
1999 3636 2118 3726 i'uit
2143 3665 2232 3727 ibi
2268 3663 2680 3746 abundantia,
2717 3660 2893 3745 quod

556 3765 884 3828 nominata
929 3766 1049 3829 fuit
1089 3766 1491 3852 Bethlehem,
1533 3770 1577 3829 i.
1631 3785 1691 3830 e.
1738 3765 1969 3831 domus
2010 3769 2215 3852 panis.
2305 3769 2410 3832 De
2447 3770 2576 3833 ista
2615 3768 2786 3830 fame
2826 3772 2895 3827 et

555 3867 948 3934 abundantia
988 3873 1288 3955 sequenti
1343 3873 1614 3936 habetur
1654 3870 1833 3935 Ruth
1873 3890 1992 3954 per
2047 3881 2267 3937 totum.
2366 3872 2535 3936 Beth
2593 3871 2761 3933 euim
2822 3870 2891 3930 in

553 3971 856 4039 Hebraeo
921 3973 1155 4043 dicitur
1219 3975 1479 4059 domus,
1539 3984 1603 4039 et
1646 3975 1897 4039 lechem
1953 3980 2160 4059 panis.
2265 3976 2426 4041 Inde
2452 3954 2892 4039 'Bethleehem

554 4075 784 4141 domus
807 4081 1015 4161 panis.
1103 4079 1230 4146 Ubi
1272 4080 1648 4163 notandum,
1692 4079 1867 4164 quod
1909 4083 2171 4146 uomina
2210 4084 2545 4149 civitatum
2587 4088 2656 4142 et
2693 4074 2894 4140 villa-

553 4188 692 4248 rutn
736 4189 946 4245 terrae
986 4192 1257 4248 sanctae
1317 4193 1393 4248 ut
1455 4187 1523 4248 iu
1574 4183 1918 4267 plurimum
1973 4184 2292 4267 incipiunt
2350 4202 2392 4249 a
2431 4181 2630 4266 Beth,
2695 4198 2891 4266 quam

549 4286 866 4371 syllabam
912 4291 1205 4373 sequitur
1247 4289 1396 4371 alia,
1439 4289 1824 4374 significans
1881 4282 2167 4374 aliquam
2227 4289 2354 4354 loci
2407 4291 2887 4374 proprietatem.

549 4389 736 4457 Sicut
815 4392 928 4457 hle
1003 4390 1425 4457 Bethleehem
1503 4393 1761 4459 domus.
1797 4392 2018 4477 panis,
2097 4401 2360 4480 propter
2432 4391 2890 4459 abundantiam
