<?xml version="1.0" encoding="UTF-8"?>
<!DOCTYPE html PUBLIC "-//W3C//DTD XHTML 1.0 Transitional//EN"
    "http://www.w3.org/TR/xhtml1/DTD/xhtml1-transitional.dtd">
<html xmlns="http://www.w3.org/1999/xhtml" xml:lang="en" lang="en">
 <head>
  <title>
</title>
<meta http-equiv="Content-Type" content="text/html;charset=utf-8" />
  <meta name='ocr-system' content='tesseract 3.04.00' />
  <meta name='ocr-capabilities' content='ocr_page ocr_carea ocr_par ocr_line ocrx_word'/>
</head>
<body>
  <div class='ocr_page' id='page_1' title='image "./fratrisfelicisf00unkngoog_0179.png"; bbox 0 0 3242 5259; ppageno 0'>
   <div class='ocr_carea' id='block_1_1' title="bbox 1453 371 1573 439">
    <p class='ocr_par' dir='ltr' id='par_1_1' title="bbox 1453 371 1573 439">
     <span class='ocr_line' id='line_1_1' title="bbox 1453 371 1573 439; baseline -0.017 0"><span class='ocrx_word' id='word_1_1' title='bbox 1453 371 1573 439; x_wconf 75' lang='lat'><strong>161</strong></span> 
     </span>
    </p>
   </div>
   <div class='ocr_carea' id='block_1_2' title="bbox 330 553 2699 4418">
    <p class='ocr_par' dir='ltr' id='par_1_2' title="bbox 330 553 2699 4418">
     <span class='ocr_line' id='line_1_2' title="bbox 343 553 2681 637; baseline 0.002 -21"><span class='ocrx_word' id='word_1_2' title='bbox 343 553 598 619; x_wconf 87' lang='lat' dir='ltr'><strong>deserto</strong></span> <span class='ocrx_word' id='word_1_3' title='bbox 698 565 945 618; x_wconf 81' lang='lat' dir='ltr'><strong>navem</strong></span> <span class='ocrx_word' id='word_1_4' title='bbox 1047 554 1512 619; x_wconf 75' lang='lat' dir='ltr'><strong>stabilivimus:</strong></span> <span class='ocrx_word' id='word_1_5' title='bbox 1595 563 1849 620; x_wconf 91' lang='lat' dir='ltr'><strong>noctem</strong></span> <span class='ocrx_word' id='word_1_6' title='bbox 1925 570 2087 617; x_wconf 77' lang='lat' dir='ltr'><strong>vero</strong></span> <span class='ocrx_word' id='word_1_7' title='bbox 2170 560 2681 637; x_wconf 81' lang='lat' dir='ltr'><strong>tempestuosam</strong></span> 
     </span>
     <span class='ocr_line' id='line_1_3' title="bbox 335 657 2683 745; baseline 0.001 -24"><span class='ocrx_word' id='word_1_8' title='bbox 335 667 402 722; x_wconf 84' lang='lat' dir='ltr'><strong>et</strong></span> <span class='ocrx_word' id='word_1_9' title='bbox 431 714 436 718; x_wconf 91' lang='lat'><strong>.</strong></span> <span class='ocrx_word' id='word_1_10' title='bbox 461 657 817 723; x_wconf 89' lang='lat' dir='ltr'><strong>terroribus</strong></span> <span class='ocrx_word' id='word_1_11' title='bbox 891 657 1152 742; x_wconf 77' lang='lat' dir='ltr'><strong>plenam</strong></span> <span class='ocrx_word' id='word_1_12' title='bbox 1228 661 1609 745; x_wconf 85' lang='lat' dir='ltr'><strong>habuimus,</strong></span> <span class='ocrx_word' id='word_1_13' title='bbox 1670 667 1935 745; x_wconf 90' lang='lat' dir='ltr'><strong>propter</strong></span> <span class='ocrx_word' id='word_1_14' title='bbox 1990 659 2162 722; x_wconf 71' lang='lat' dir='ltr'><strong>aeris</strong></span> <span class='ocrx_word' id='word_1_15' title='bbox 2222 659 2683 743; x_wconf 70' lang='lat' dir='ltr'><strong>intemperiem,</strong></span> 
     </span>
     <span class='ocr_line' id='line_1_4' title="bbox 339 761 2681 847; baseline 0.001 -20"><span class='ocrx_word' id='word_1_16' title='bbox 339 763 598 845; x_wconf 77' lang='lat' dir='ltr'><strong>fulgura</strong></span> <span class='ocrx_word' id='word_1_17' title='bbox 641 771 709 824; x_wconf 88' lang='lat' dir='ltr'><strong>et</strong></span> <span class='ocrx_word' id='word_1_18' title='bbox 734 764 1033 846; x_wconf 88' lang='lat' dir='ltr'><strong>tonitrua,</strong></span> <span class='ocrx_word' id='word_1_19' title='bbox 1057 781 1239 847; x_wconf 76' lang='lat' dir='ltr'><strong>quac</strong></span> <span class='ocrx_word' id='word_1_20' title='bbox 1257 765 1716 847; x_wconf 86' lang='lat' dir='ltr'><strong>navigantibus</strong></span> <span class='ocrx_word' id='word_1_21' title='bbox 1755 762 1966 847; x_wconf 79' lang='lat' dir='ltr'><strong>magis</strong></span> <span class='ocrx_word' id='word_1_22' title='bbox 1984 771 2139 827; x_wconf 89' lang='lat' dir='ltr'><strong>sunt</strong></span> <span class='ocrx_word' id='word_1_23' title='bbox 2171 761 2466 847; x_wconf 90' lang='lat' dir='ltr'><strong>molesta,</strong></span> <span class='ocrx_word' id='word_1_24' title='bbox 2488 781 2681 846; x_wconf 78' lang='lat' dir='ltr'><strong>quam</strong></span> 
     </span>
     <span class='ocr_line' id='line_1_5' title="bbox 335 865 2682 953; baseline 0.002 -24"><span class='ocrx_word' id='word_1_25' title='bbox 335 868 406 929; x_wconf 88' lang='lat' dir='ltr'><strong>iu</strong></span> <span class='ocrx_word' id='word_1_26' title='bbox 447 873 620 930; x_wconf 87' lang='lat' dir='ltr'><strong>terra</strong></span> <span class='ocrx_word' id='word_1_27' title='bbox 660 865 1066 952; x_wconf 73' lang='lat' dir='ltr'><strong>degentibus.</strong></span> <span class='ocrx_word' id='word_1_28' title='bbox 1151 870 1238 931; x_wconf 90' lang='lat' dir='ltr'><strong>Et</strong></span> <span class='ocrx_word' id='word_1_29' title='bbox 1280 868 1612 932; x_wconf 77' lang='lat' dir='ltr'><strong>dicebatur</strong></span> <span class='ocrx_word' id='word_1_30' title='bbox 1681 875 1907 953; x_wconf 89' lang='lat' dir='ltr'><strong>portus</strong></span> <span class='ocrx_word' id='word_1_31' title='bbox 1973 866 2082 931; x_wconf 89' lang='lat' dir='ltr'><strong>ille</strong></span> <span class='ocrx_word' id='word_1_32' title='bbox 2141 865 2393 931; x_wconf 84' lang='lat' dir='ltr'><strong>Oneum</strong></span> <span class='ocrx_word' id='word_1_33' title='bbox 2420 877 2516 944; x_wconf 56' lang='lat' dir='ltr'><strong>‚et</strong></span> <span class='ocrx_word' id='word_1_34' title='bbox 2577 879 2682 933; x_wconf 83' lang='lat' dir='ltr'><strong>est</strong></span> 
     </span>
     <span class='ocr_line' id='line_1_6' title="bbox 340 969 2401 1056; baseline 0.002 -22"><span class='ocrx_word' id='word_1_35' title='bbox 340 969 702 1056; x_wconf 83' lang='lat' dir='ltr'><strong>Crawacia,</strong></span> <span class='ocrx_word' id='word_1_36' title='bbox 744 990 912 1056; x_wconf 84' lang='lat' dir='ltr'><strong>quae</strong></span> <span class='ocrx_word' id='word_1_37' title='bbox 955 982 1059 1036; x_wconf 87' lang='lat' dir='ltr'><strong>est</strong></span> <span class='ocrx_word' id='word_1_38' title='bbox 1100 991 1230 1037; x_wconf 84' lang='lat' dir='ltr'><strong>una</strong></span> <span class='ocrx_word' id='word_1_39' title='bbox 1271 976 1447 1037; x_wconf 78' lang='lat' dir='ltr'><strong>uallo</strong></span> <span class='ocrx_word' id='word_1_40' title='bbox 1489 972 1875 1038; x_wconf 73' lang='lat' dir='ltr'><strong>Dalmatiae.</strong></span> <span class='ocrx_word' id='word_1_41' title='bbox 2396 1027 2401 1030; x_wconf 92' lang='lat'><strong>.</strong></span> 
     </span>
     <span class='ocr_line' id='line_1_7' title="bbox 508 1075 2679 1158; baseline 0 -19"><span class='ocrx_word' id='word_1_42' title='bbox 508 1076 780 1140; x_wconf 85' lang='lat' dir='ltr'><strong>Decima</strong></span> <span class='ocrx_word' id='word_1_43' title='bbox 821 1076 927 1140; x_wconf 90' lang='lat' dir='ltr'><strong>die</strong></span> <span class='ocrx_word' id='word_1_44' title='bbox 982 1095 1113 1141; x_wconf 90' lang='lat' dir='ltr'><strong>non</strong></span> <span class='ocrx_word' id='word_1_45' title='bbox 1155 1085 1296 1141; x_wconf 88' lang='lat' dir='ltr'><strong>erat</strong></span> <span class='ocrx_word' id='word_1_46' title='bbox 1355 1088 1592 1143; x_wconf 84' lang='lat' dir='ltr'><strong>ventus</strong></span> <span class='ocrx_word' id='word_1_47' title='bbox 1653 1080 1780 1142; x_wconf 85' lang='lat' dir='ltr'><strong>nisi</strong></span> <span class='ocrx_word' id='word_1_48' title='bbox 1841 1075 2088 1143; x_wconf 88' lang='lat' dir='ltr'><strong>inutilis</strong></span> <span class='ocrx_word' id='word_1_49' title='bbox 2132 1094 2324 1142; x_wconf 82' lang='lat' dir='ltr'><strong>mane</strong></span> <span class='ocrx_word' id='word_1_50' title='bbox 2378 1076 2445 1139; x_wconf 85' lang='lat' dir='ltr'><strong>in</strong></span> <span class='ocrx_word' id='word_1_51' title='bbox 2513 1084 2679 1158; x_wconf 85' lang='lat' dir='ltr'><strong>ortu,</strong></span> 
     </span>
     <span class='ocr_line' id='line_1_8' title="bbox 336 1180 2682 1267; baseline 0 -24"><span class='ocrx_word' id='word_1_52' title='bbox 336 1189 402 1244; x_wconf 91' lang='lat' dir='ltr'><strong>et</strong></span> <span class='ocrx_word' id='word_1_53' title='bbox 443 1180 934 1264; x_wconf 67' lang='lat' dir='ltr'><strong>desperavimus</strong></span> <span class='ocrx_word' id='word_1_54' title='bbox 975 1201 1097 1247; x_wconf 89' lang='lat' dir='ltr'><strong>nos</strong></span> <span class='ocrx_word' id='word_1_55' title='bbox 1138 1181 1249 1246; x_wconf 93' lang='lat' dir='ltr'><strong>illo</strong></span> <span class='ocrx_word' id='word_1_56' title='bbox 1293 1183 1400 1247; x_wconf 88' lang='lat' dir='ltr'><strong>die</strong></span> <span class='ocrx_word' id='word_1_57' title='bbox 1439 1202 1641 1267; x_wconf 88' lang='lat' dir='ltr'><strong>posse</strong></span> <span class='ocrx_word' id='word_1_58' title='bbox 1683 1186 1766 1248; x_wconf 89' lang='lat' dir='ltr'><strong>ab</strong></span> <span class='ocrx_word' id='word_1_59' title='bbox 1813 1182 2000 1248; x_wconf 87' lang='lat' dir='ltr'><strong>Oneo</strong></span> <span class='ocrx_word' id='word_1_60' title='bbox 2039 1182 2366 1246; x_wconf 78' lang='lat' dir='ltr'><strong>recedere.</strong></span> <span class='ocrx_word' id='word_1_61' title='bbox 2433 1180 2682 1256; x_wconf 77' lang='lat' dir='ltr'><strong>Verum</strong></span> 
     </span>
     <span class='ocr_line' id='line_1_9' title="bbox 334 1283 2683 1376; baseline 0 -27"><span class='ocrx_word' id='word_1_62' title='bbox 334 1295 487 1370; x_wconf 88' lang='lat' dir='ltr'><strong>post</strong></span> <span class='ocrx_word' id='word_1_63' title='bbox 529 1286 690 1351; x_wconf 89' lang='lat' dir='ltr'><strong>duas</strong></span> <span class='ocrx_word' id='word_1_64' title='bbox 731 1288 926 1351; x_wconf 88' lang='lat' dir='ltr'><strong>horas</strong></span> <span class='ocrx_word' id='word_1_65' title='bbox 969 1295 1254 1353; x_wconf 87' lang='lat' dir='ltr'><strong>mutatus</strong></span> <span class='ocrx_word' id='word_1_66' title='bbox 1298 1296 1400 1352; x_wconf 88' lang='lat' dir='ltr'><strong>est</strong></span> <span class='ocrx_word' id='word_1_67' title='bbox 1440 1297 1703 1373; x_wconf 80' lang='lat' dir='ltr'><strong>ventus,</strong></span> <span class='ocrx_word' id='word_1_68' title='bbox 1732 1297 1798 1352; x_wconf 89' lang='lat' dir='ltr'><strong>et</strong></span> <span class='ocrx_word' id='word_1_69' title='bbox 1829 1288 2045 1353; x_wconf 88' lang='lat' dir='ltr'><strong>soluta</strong></span> <span class='ocrx_word' id='word_1_70' title='bbox 2085 1283 2276 1372; x_wconf 69' lang='lat' dir='ltr'><strong>galea</strong></span> <span class='ocrx_word' id='word_1_71' title='bbox 2310 1304 2458 1350; x_wconf 81' lang='lat' dir='ltr'><strong>eam</strong></span> <span class='ocrx_word' id='word_1_72' title='bbox 2486 1285 2683 1376; x_wconf 79' lang='lat' dir='ltr'><strong>remis</strong></span> 
     </span>
     <span class='ocr_line' id='line_1_10' title="bbox 336 1385 2685 1476; baseline -0.001 -21"><span class='ocrx_word' id='word_1_73' title='bbox 336 1401 522 1456; x_wconf 84' lang='lat' dir='ltr'><strong>extra</strong></span> <span class='ocrx_word' id='word_1_74' title='bbox 585 1401 839 1476; x_wconf 86' lang='lat' dir='ltr'><strong>portum</strong></span> <span class='ocrx_word' id='word_1_75' title='bbox 915 1391 1296 1457; x_wconf 83' lang='lat' dir='ltr'><strong>eduxerunt.</strong></span> <span class='ocrx_word' id='word_1_76' title='bbox 1392 1391 1784 1476; x_wconf 80' lang='lat' dir='ltr'><strong>Reperimus</strong></span> <span class='ocrx_word' id='word_1_77' title='bbox 1851 1403 2064 1458; x_wconf 88' lang='lat' dir='ltr'><strong>autem</strong></span> <span class='ocrx_word' id='word_1_78' title='bbox 2143 1402 2328 1458; x_wconf 87' lang='lat' dir='ltr'><strong>extra</strong></span> <span class='ocrx_word' id='word_1_79' title='bbox 2391 1390 2460 1453; x_wconf 87' lang='lat' dir='ltr'><strong>in</strong></span> <span class='ocrx_word' id='word_1_80' title='bbox 2523 1385 2685 1454; x_wconf 84' lang='lat' dir='ltr'><strong>mari</strong></span> 
     </span>
     <span class='ocr_line' id='line_1_11' title="bbox 332 1489 2682 1583; baseline -0.001 -22"><span class='ocrx_word' id='word_1_81' title='bbox 332 1507 602 1562; x_wconf 82' lang='lat' dir='ltr'><strong>ventum</strong></span> <span class='ocrx_word' id='word_1_82' title='bbox 643 1517 776 1562; x_wconf 89' lang='lat' dir='ltr'><strong>non</strong></span> <span class='ocrx_word' id='word_1_83' title='bbox 816 1496 1086 1561; x_wconf 89' lang='lat' dir='ltr'><strong>multum</strong></span> <span class='ocrx_word' id='word_1_84' title='bbox 1129 1499 1317 1562; x_wconf 89' lang='lat' dir='ltr'><strong>nobis</strong></span> <span class='ocrx_word' id='word_1_85' title='bbox 1378 1498 1601 1563; x_wconf 87' lang='lat' dir='ltr'><strong>utilem</strong></span> <span class='ocrx_word' id='word_1_86' title='bbox 1665 1497 2034 1582; x_wconf 73' lang='lat' dir='ltr'><strong>lateralem,</strong></span> <span class='ocrx_word' id='word_1_87' title='bbox 2097 1489 2210 1583; x_wconf 67' lang='lat' dir='ltr'><strong>qui</strong></span> <span class='ocrx_word' id='word_1_88' title='bbox 2253 1494 2682 1559; x_wconf 73' lang='lat' dir='ltr'><strong>circumduxit</strong></span> 
     </span>
     <span class='ocr_line' id='line_1_12' title="bbox 332 1599 2685 1687; baseline -0.001 -22"><span class='ocrx_word' id='word_1_89' title='bbox 332 1619 457 1665; x_wconf 88' lang='lat' dir='ltr'><strong>nos</strong></span> <span class='ocrx_word' id='word_1_90' title='bbox 498 1620 709 1686; x_wconf 87' lang='lat' dir='ltr'><strong>usque</strong></span> <span class='ocrx_word' id='word_1_91' title='bbox 749 1612 902 1686; x_wconf 88' lang='lat' dir='ltr'><strong>post</strong></span> <span class='ocrx_word' id='word_1_92' title='bbox 937 1604 1294 1687; x_wconf 87' lang='lat' dir='ltr'><strong>prandium.</strong></span> <span class='ocrx_word' id='word_1_93' title='bbox 1398 1600 1543 1680; x_wconf 83' lang='lat' dir='ltr'><strong>Quo</strong></span> <span class='ocrx_word' id='word_1_94' title='bbox 1586 1611 1849 1686; x_wconf 88' lang='lat' dir='ltr'><strong>peracto</strong></span> <span class='ocrx_word' id='word_1_95' title='bbox 1892 1602 2157 1666; x_wconf 86' lang='lat' dir='ltr'><strong>advenit</strong></span> <span class='ocrx_word' id='word_1_96' title='bbox 2208 1610 2448 1666; x_wconf 87' lang='lat' dir='ltr'><strong>ventus</strong></span> <span class='ocrx_word' id='word_1_97' title='bbox 2492 1599 2685 1684; x_wconf 80' lang='lat' dir='ltr'><strong>felix,</strong></span> 
     </span>
     <span class='ocr_line' id='line_1_13' title="bbox 332 1706 2682 1792; baseline -0 -22"><span class='ocrx_word' id='word_1_98' title='bbox 332 1706 594 1771; x_wconf 85' lang='lat' dir='ltr'><strong>validus</strong></span> <span class='ocrx_word' id='word_1_99' title='bbox 635 1716 700 1771; x_wconf 89' lang='lat' dir='ltr'><strong>et</strong></span> <span class='ocrx_word' id='word_1_100' title='bbox 742 1725 1031 1792; x_wconf 81' lang='lat' dir='ltr'><strong>prosper,</strong></span> <span class='ocrx_word' id='word_1_101' title='bbox 1076 1711 1187 1792; x_wconf 83' lang='lat' dir='ltr'><strong>qui</strong></span> <span class='ocrx_word' id='word_1_102' title='bbox 1229 1717 1497 1792; x_wconf 90' lang='lat' dir='ltr'><strong>repente</strong></span> <span class='ocrx_word' id='word_1_103' title='bbox 1538 1720 1775 1772; x_wconf 79' lang='lat' dir='ltr'><strong>navem</strong></span> <span class='ocrx_word' id='word_1_104' title='bbox 1828 1726 1976 1772; x_wconf 91' lang='lat' dir='ltr'><strong>cum</strong></span> <span class='ocrx_word' id='word_1_105' title='bbox 2017 1707 2264 1790; x_wconf 84' lang='lat' dir='ltr'><strong>impetu</strong></span> <span class='ocrx_word' id='word_1_106' title='bbox 2305 1726 2424 1790; x_wconf 89' lang='lat' dir='ltr'><strong>per</strong></span> <span class='ocrx_word' id='word_1_107' title='bbox 2466 1714 2682 1769; x_wconf 87' lang='lat' dir='ltr'><strong>rectas</strong></span> 
     </span>
     <span class='ocr_line' id='line_1_14' title="bbox 332 1811 2683 1896; baseline -0 -21"><span class='ocrx_word' id='word_1_108' title='bbox 332 1814 535 1875; x_wconf 89' lang='lat' dir='ltr'><strong>maris</strong></span> <span class='ocrx_word' id='word_1_109' title='bbox 608 1814 877 1877; x_wconf 88' lang='lat' dir='ltr'><strong>semitas</strong></span> <span class='ocrx_word' id='word_1_110' title='bbox 957 1811 1157 1876; x_wconf 86' lang='lat' dir='ltr'><strong>duxit.</strong></span> <span class='ocrx_word' id='word_1_111' title='bbox 1276 1813 1413 1877; x_wconf 87' lang='lat' dir='ltr'><strong>Sed</strong></span> <span class='ocrx_word' id='word_1_112' title='bbox 1477 1823 1547 1877; x_wconf 91' lang='lat' dir='ltr'><strong>ut</strong></span> <span class='ocrx_word' id='word_1_113' title='bbox 1628 1813 1858 1878; x_wconf 77' lang='lat' dir='ltr'><strong>fortius</strong></span> <span class='ocrx_word' id='word_1_114' title='bbox 1933 1819 2257 1896; x_wconf 89' lang='lat' dir='ltr'><strong>curreret,</strong></span> <span class='ocrx_word' id='word_1_115' title='bbox 2347 1818 2683 1886; x_wconf 71' lang='lat' dir='ltr'><strong>traxerunt</strong></span> 
     </span>
     <span class='ocr_line' id='line_1_15' title="bbox 334 1915 2682 2003; baseline 0 -24"><span class='ocrx_word' id='word_1_116' title='bbox 334 1915 671 1998; x_wconf 78' lang='lat' dir='ltr'><strong>galestreli</strong></span> <span class='ocrx_word' id='word_1_117' title='bbox 728 1918 1078 1981; x_wconf 86' lang='lat' dir='ltr'><strong>trinketum</strong></span> <span class='ocrx_word' id='word_1_118' title='bbox 1142 1935 1343 2003; x_wconf 90' lang='lat' dir='ltr'><strong>supra</strong></span> <span class='ocrx_word' id='word_1_119' title='bbox 1407 1919 1641 1983; x_wconf 86' lang='lat' dir='ltr'><strong>kebam</strong></span> <span class='ocrx_word' id='word_1_120' title='bbox 1702 1917 1891 2002; x_wconf 86' lang='lat' dir='ltr'><strong>mali,</strong></span> <span class='ocrx_word' id='word_1_121' title='bbox 1953 1928 2017 1980; x_wconf 91' lang='lat' dir='ltr'><strong>et</strong></span> <span class='ocrx_word' id='word_1_122' title='bbox 2071 1933 2274 2000; x_wconf 86' lang='lat' dir='ltr'><strong>supra</strong></span> <span class='ocrx_word' id='word_1_123' title='bbox 2336 1925 2682 1980; x_wconf 73' lang='lat' dir='ltr'><strong>antennam</strong></span> 
     </span>
     <span class='ocr_line' id='line_1_16' title="bbox 330 2021 2683 2108; baseline 0.001 -25"><span class='ocrx_word' id='word_1_124' title='bbox 330 2021 541 2104; x_wconf 89' lang='lat' dir='ltr'><strong>ipsam</strong></span> <span class='ocrx_word' id='word_1_125' title='bbox 585 2021 667 2085; x_wconf 89' lang='lat' dir='ltr'><strong>ad</strong></span> <span class='ocrx_word' id='word_1_126' title='bbox 724 2021 960 2085; x_wconf 86' lang='lat' dir='ltr'><strong>collum</strong></span> <span class='ocrx_word' id='word_1_127' title='bbox 1022 2023 1233 2087; x_wconf 86' lang='lat' dir='ltr'><strong>kebae</strong></span> <span class='ocrx_word' id='word_1_128' title='bbox 1310 2023 1811 2107; x_wconf 87' lang='lat' dir='ltr'><strong>suspenderunt.</strong></span> <span class='ocrx_word' id='word_1_129' title='bbox 1889 2026 2163 2108; x_wconf 85' lang='lat' dir='ltr'><strong>Insuper</strong></span> <span class='ocrx_word' id='word_1_130' title='bbox 2203 2031 2267 2086; x_wconf 89' lang='lat' dir='ltr'><strong>et</strong></span> <span class='ocrx_word' id='word_1_131' title='bbox 2311 2030 2683 2104; x_wconf 85' lang='lat' dir='ltr'><strong>cowertam,</strong></span> 
     </span>
     <span class='ocr_line' id='line_1_17' title="bbox 336 2126 2683 2213; baseline 0 -24"><span class='ocrx_word' id='word_1_132' title='bbox 336 2126 465 2189; x_wconf 80' lang='lat' dir='ltr'><strong>hec</strong></span> <span class='ocrx_word' id='word_1_133' title='bbox 513 2135 646 2212; x_wconf 88' lang='lat' dir='ltr'><strong>est,</strong></span> <span class='ocrx_word' id='word_1_134' title='bbox 711 2128 1099 2210; x_wconf 80' lang='lat' dir='ltr'><strong>opertorium</strong></span> <span class='ocrx_word' id='word_1_135' title='bbox 1142 2129 1339 2194; x_wconf 85' lang='lat' dir='ltr'><strong>navis</strong></span> <span class='ocrx_word' id='word_1_136' title='bbox 1383 2138 1829 2213; x_wconf 69' lang='lat' dir='ltr'><strong>acceperunt,</strong></span> <span class='ocrx_word' id='word_1_137' title='bbox 1894 2147 2024 2212; x_wconf 88' lang='lat' dir='ltr'><strong>quo</strong></span> <span class='ocrx_word' id='word_1_138' title='bbox 2082 2129 2224 2192; x_wconf 85' lang='lat' dir='ltr'><strong>suis</strong></span> <span class='ocrx_word' id='word_1_139' title='bbox 2285 2127 2683 2212; x_wconf 73' lang='lat' dir='ltr'><strong>temporibus</strong></span> 
     </span>
     <span class='ocr_line' id='line_1_18' title="bbox 333 2231 2682 2318; baseline -0 -25"><span class='ocrx_word' id='word_1_140' title='bbox 333 2239 476 2294; x_wconf 87' lang='lat' dir='ltr'><strong>tota</strong></span> <span class='ocrx_word' id='word_1_141' title='bbox 512 2231 704 2315; x_wconf 74' lang='lat' dir='ltr'><strong>galea</strong></span> <span class='ocrx_word' id='word_1_142' title='bbox 743 2250 785 2295; x_wconf 91' lang='lat' dir='ltr'><strong>a</strong></span> <span class='ocrx_word' id='word_1_143' title='bbox 828 2252 1019 2316; x_wconf 89' lang='lat' dir='ltr'><strong>prora</strong></span> <span class='ocrx_word' id='word_1_144' title='bbox 1075 2251 1289 2318; x_wconf 85' lang='lat' dir='ltr'><strong>usque</strong></span> <span class='ocrx_word' id='word_1_145' title='bbox 1356 2232 1438 2296; x_wconf 88' lang='lat' dir='ltr'><strong>ad</strong></span> <span class='ocrx_word' id='word_1_146' title='bbox 1493 2235 1757 2317; x_wconf 89' lang='lat' dir='ltr'><strong>puppim</strong></span> <span class='ocrx_word' id='word_1_147' title='bbox 1799 2235 2089 2316; x_wconf 83' lang='lat' dir='ltr'><strong>operitur</strong></span> <span class='ocrx_word' id='word_1_148' title='bbox 2146 2243 2375 2296; x_wconf 87' lang='lat' dir='ltr'><strong>contra</strong></span> <span class='ocrx_word' id='word_1_149' title='bbox 2430 2231 2682 2294; x_wconf 89' lang='lat' dir='ltr'><strong>calores</strong></span> 
     </span>
     <span class='ocr_line' id='line_1_19' title="bbox 335 2334 2684 2422; baseline -0.001 -24"><span class='ocrx_word' id='word_1_150' title='bbox 335 2344 401 2399; x_wconf 88' lang='lat' dir='ltr'><strong>et</strong></span> <span class='ocrx_word' id='word_1_151' title='bbox 445 2337 737 2422; x_wconf 86' lang='lat' dir='ltr'><strong>pluvias,</strong></span> <span class='ocrx_word' id='word_1_152' title='bbox 807 2344 875 2400; x_wconf 85' lang='lat' dir='ltr'><strong>et</strong></span> <span class='ocrx_word' id='word_1_153' title='bbox 913 2339 1035 2402; x_wconf 87' lang='lat' dir='ltr'><strong>sub</strong></span> <span class='ocrx_word' id='word_1_154' title='bbox 1077 2337 1414 2421; x_wconf 84' lang='lat' dir='ltr'><strong>polistrelo</strong></span> <span class='ocrx_word' id='word_1_155' title='bbox 1475 2340 1816 2400; x_wconf 85' lang='lat' dir='ltr'><strong>accatonis</strong></span> <span class='ocrx_word' id='word_1_156' title='bbox 1886 2335 2331 2420; x_wconf 83' lang='lat' dir='ltr'><strong>expanderunt</strong></span> <span class='ocrx_word' id='word_1_157' title='bbox 2372 2355 2491 2419; x_wconf 91' lang='lat' dir='ltr'><strong>per</strong></span> <span class='ocrx_word' id='word_1_158' title='bbox 2531 2334 2684 2396; x_wconf 88' lang='lat' dir='ltr'><strong>lati·-</strong></span> 
     </span>
     <span class='ocr_line' id='line_1_20' title="bbox 335 2438 2681 2525; baseline 0 -22"><span class='ocrx_word' id='word_1_159' title='bbox 335 2438 625 2505; x_wconf 86' lang='lat' dir='ltr'><strong>tudinem</strong></span> <span class='ocrx_word' id='word_1_160' title='bbox 688 2440 949 2525; x_wconf 70' lang='lat' dir='ltr'><strong>galeae,</strong></span> <span class='ocrx_word' id='word_1_161' title='bbox 1007 2442 1091 2506; x_wconf 90' lang='lat' dir='ltr'><strong>de</strong></span> <span class='ocrx_word' id='word_1_162' title='bbox 1141 2461 1272 2505; x_wconf 90' lang='lat' dir='ltr'><strong>uno</strong></span> <span class='ocrx_word' id='word_1_163' title='bbox 1343 2440 1546 2505; x_wconf 88' lang='lat' dir='ltr'><strong>latere</strong></span> <span class='ocrx_word' id='word_1_164' title='bbox 1616 2441 1699 2504; x_wconf 86' lang='lat' dir='ltr'><strong>ad</strong></span> <span class='ocrx_word' id='word_1_165' title='bbox 1753 2440 1928 2504; x_wconf 85' lang='lat' dir='ltr'><strong>aliud</strong></span> <span class='ocrx_word' id='word_1_166' title='bbox 1986 2442 2300 2525; x_wconf 79' lang='lat' dir='ltr'><strong>oppositis</strong></span> <span class='ocrx_word' id='word_1_167' title='bbox 2353 2440 2523 2504; x_wconf 88' lang='lat' dir='ltr'><strong>malo</strong></span> <span class='ocrx_word' id='word_1_168' title='bbox 2537 2482 2559 2522; x_wconf 99' lang='lat'><strong>,</strong></span> <span class='ocrx_word' id='word_1_169' title='bbox 2614 2446 2681 2504; x_wconf 82' lang='lat' dir='ltr'><strong>et</strong></span> 
     </span>
     <span class='ocr_line' id='line_1_21' title="bbox 334 2543 2679 2629; baseline -0.002 -20"><span class='ocrx_word' id='word_1_170' title='bbox 334 2564 595 2610; x_wconf 90' lang='lat' dir='ltr'><strong>omnem</strong></span> <span class='ocrx_word' id='word_1_171' title='bbox 678 2553 946 2609; x_wconf 84' lang='lat' dir='ltr'><strong>ventum</strong></span> <span class='ocrx_word' id='word_1_172' title='bbox 1015 2546 1361 2628; x_wconf 71' lang='lat' dir='ltr'><strong>puppabem</strong></span> <span class='ocrx_word' id='word_1_173' title='bbox 1417 2546 1795 2629; x_wconf 88' lang='lat' dir='ltr'><strong>possibilem</strong></span> <span class='ocrx_word' id='word_1_174' title='bbox 1854 2546 2113 2609; x_wconf 84' lang='lat' dir='ltr'><strong>retineri</strong></span> <span class='ocrx_word' id='word_1_175' title='bbox 2171 2546 2239 2608; x_wconf 88' lang='lat' dir='ltr'><strong>in</strong></span> <span class='ocrx_word' id='word_1_176' title='bbox 2293 2543 2679 2628; x_wconf 83' lang='lat' dir='ltr'><strong>adjutorium</strong></span> 
     </span>
     <span class='ocr_line' id='line_1_22' title="bbox 331 2647 2682 2733; baseline -0.001 -19"><span class='ocrx_word' id='word_1_177' title='bbox 331 2666 572 2714; x_wconf 88' lang='lat' dir='ltr'><strong>cursus</strong></span> <span class='ocrx_word' id='word_1_178' title='bbox 630 2649 832 2710; x_wconf 87' lang='lat' dir='ltr'><strong>nostri</strong></span> <span class='ocrx_word' id='word_1_179' title='bbox 909 2650 1438 2733; x_wconf 88' lang='lat' dir='ltr'><strong>captivaverunt,</strong></span> <span class='ocrx_word' id='word_1_180' title='bbox 1521 2659 1590 2713; x_wconf 91' lang='lat' dir='ltr'><strong>et</strong></span> <span class='ocrx_word' id='word_1_181' title='bbox 1645 2652 1739 2715; x_wconf 87' lang='lat' dir='ltr'><strong>ita</strong></span> <span class='ocrx_word' id='word_1_182' title='bbox 1786 2669 2049 2715; x_wconf 88' lang='lat' dir='ltr'><strong>cursum</strong></span> <span class='ocrx_word' id='word_1_183' title='bbox 2131 2647 2330 2712; x_wconf 84' lang='lat' dir='ltr'><strong>valde</strong></span> <span class='ocrx_word' id='word_1_184' title='bbox 2386 2649 2682 2712; x_wconf 82' lang='lat' dir='ltr'><strong>velocem</strong></span> 
     </span>
     <span class='ocr_line' id='line_1_23' title="bbox 333 2750 2684 2837; baseline -0.002 -20"><span class='ocrx_word' id='word_1_185' title='bbox 333 2754 636 2835; x_wconf 78' lang='lat' dir='ltr'><strong>fecimus,</strong></span> <span class='ocrx_word' id='word_1_186' title='bbox 670 2760 737 2814; x_wconf 89' lang='lat' dir='ltr'><strong>et</strong></span> <span class='ocrx_word' id='word_1_187' title='bbox 775 2754 1313 2835; x_wconf 74' lang='lat' dir='ltr'><strong>pertransivimus</strong></span> <span class='ocrx_word' id='word_1_188' title='bbox 1335 2753 1498 2837; x_wconf 67' lang='lat'><strong>(62</strong></span> <span class='ocrx_word' id='word_1_189' title='bbox 1516 2755 1622 2833; x_wconf 69' lang='lat' dir='ltr'><strong>A)</strong></span> <span class='ocrx_word' id='word_1_190' title='bbox 1666 2756 1974 2819; x_wconf 67' lang='lat' dir='ltr'><strong>[aesinam</strong></span> <span class='ocrx_word' id='word_1_191' title='bbox 2026 2754 2354 2817; x_wconf 65' lang='lat' dir='ltr'><strong>ciw&#39;tatem</strong></span> <span class='ocrx_word' id='word_1_192' title='bbox 2398 2761 2466 2814; x_wconf 87' lang='lat' dir='ltr'><strong>et.</strong></span> <span class='ocrx_word' id='word_1_193' title='bbox 2508 2750 2684 2814; x_wconf 87' lang='lat' dir='ltr'><strong>Cur-</strong></span> 
     </span>
     <span class='ocr_line' id='line_1_24' title="bbox 331 2856 2683 2945; baseline 0 -21"><span class='ocrx_word' id='word_1_194' title='bbox 331 2858 549 2924; x_wconf 88' lang='lat' dir='ltr'><strong>sulam</strong></span> <span class='ocrx_word' id='word_1_195' title='bbox 594 2866 659 2919; x_wconf 86' lang='lat' dir='ltr'><strong>et</strong></span> <span class='ocrx_word' id='word_1_196' title='bbox 701 2856 937 2920; x_wconf 88' lang='lat' dir='ltr'><strong>multas</strong></span> <span class='ocrx_word' id='word_1_197' title='bbox 977 2857 1162 2940; x_wconf 89' lang='lat' dir='ltr'><strong>alias,</strong></span> <span class='ocrx_word' id='word_1_198' title='bbox 1193 2859 1276 2923; x_wconf 91' lang='lat' dir='ltr'><strong>de</strong></span> <span class='ocrx_word' id='word_1_199' title='bbox 1305 2862 1537 2945; x_wconf 85' lang='lat' dir='ltr'><strong>quibus</strong></span> <span class='ocrx_word' id='word_1_200' title='bbox 1578 2862 1647 2924; x_wconf 88' lang='lat' dir='ltr'><strong>iu</strong></span> <span class='ocrx_word' id='word_1_201' title='bbox 1690 2860 1899 2924; x_wconf 88' lang='lat' dir='ltr'><strong>reditu</strong></span> <span class='ocrx_word' id='word_1_202' title='bbox 1944 2859 2087 2923; x_wconf 84' lang='lat' dir='ltr'><strong>Deo</strong></span> <span class='ocrx_word' id='word_1_203' title='bbox 2129 2857 2413 2921; x_wconf 85' lang='lat' dir='ltr'><strong>donante</strong></span> <span class='ocrx_word' id='word_1_204' title='bbox 2454 2856 2683 2924; x_wconf 83' lang='lat' dir='ltr'><strong>dicam.</strong></span> 
     </span>
     <span class='ocr_line' id='line_1_25' title="bbox 332 2959 2685 3049; baseline -0.003 -21"><span class='ocrx_word' id='word_1_205' title='bbox 332 2963 617 3028; x_wconf 80' lang='lat' dir='ltr'><strong>Duravit</strong></span> <span class='ocrx_word' id='word_1_206' title='bbox 659 2972 874 3027; x_wconf 87' lang='lat' dir='ltr'><strong>autem</strong></span> <span class='ocrx_word' id='word_1_207' title='bbox 916 2962 1026 3026; x_wconf 89' lang='lat' dir='ltr'><strong>ille</strong></span> <span class='ocrx_word' id='word_1_208' title='bbox 1087 2964 1248 3029; x_wconf 83' lang='lat' dir='ltr'><strong>felix</strong></span> <span class='ocrx_word' id='word_1_209' title='bbox 1306 2973 1547 3030; x_wconf 86' lang='lat' dir='ltr'><strong>ventus</strong></span> <span class='ocrx_word' id='word_1_210' title='bbox 1591 2974 1657 3028; x_wconf 88' lang='lat' dir='ltr'><strong>et</strong></span> <span class='ocrx_word' id='word_1_211' title='bbox 1702 2973 1966 3049; x_wconf 87' lang='lat' dir='ltr'><strong>optatus</strong></span> <span class='ocrx_word' id='word_1_212' title='bbox 2009 2981 2244 3029; x_wconf 83' lang='lat' dir='ltr'><strong>cursus</strong></span> <span class='ocrx_word' id='word_1_213' title='bbox 2303 2967 2532 3026; x_wconf 83' lang='lat' dir='ltr'><strong>noster</strong></span> <span class='ocrx_word' id='word_1_214' title='bbox 2571 2959 2685 3040; x_wconf 82' lang='lat' dir='ltr'><strong>illo</strong></span> 
     </span>
     <span class='ocr_line' id='line_1_26' title="bbox 334 3066 2684 3155; baseline -0.003 -21"><span class='ocrx_word' id='word_1_215' title='bbox 334 3077 475 3134; x_wconf 92' lang='lat' dir='ltr'><strong>toto</strong></span> <span class='ocrx_word' id='word_1_216' title='bbox 520 3067 665 3152; x_wconf 88' lang='lat' dir='ltr'><strong>die,</strong></span> <span class='ocrx_word' id='word_1_217' title='bbox 732 3076 799 3130; x_wconf 88' lang='lat' dir='ltr'><strong>et</strong></span> <span class='ocrx_word' id='word_1_218' title='bbox 853 3069 1150 3151; x_wconf 88' lang='lat' dir='ltr'><strong>sequenti</strong></span> <span class='ocrx_word' id='word_1_219' title='bbox 1206 3079 1432 3154; x_wconf 90' lang='lat' dir='ltr'><strong>nocte,</strong></span> <span class='ocrx_word' id='word_1_220' title='bbox 1488 3071 1556 3135; x_wconf 89' lang='lat' dir='ltr'><strong>in</strong></span> <span class='ocrx_word' id='word_1_221' title='bbox 1600 3089 1733 3155; x_wconf 86' lang='lat' dir='ltr'><strong>qua</strong></span> <span class='ocrx_word' id='word_1_222' title='bbox 1788 3070 2191 3155; x_wconf 85' lang='lat' dir='ltr'><strong>quietissime</strong></span> <span class='ocrx_word' id='word_1_223' title='bbox 2246 3066 2684 3131; x_wconf 88' lang='lat' dir='ltr'><strong>dormivimus.</strong></span> 
     </span>
     <span class='ocr_line' id='line_1_27' title="bbox 337 3172 2686 3260; baseline -0.002 -21"><span class='ocrx_word' id='word_1_224' title='bbox 337 3172 643 3258; x_wconf 75' lang='lat' dir='ltr'><strong>Repente</strong></span> <span class='ocrx_word' id='word_1_225' title='bbox 685 3173 856 3236; x_wconf 87' lang='lat' dir='ltr'><strong>euim</strong></span> <span class='ocrx_word' id='word_1_226' title='bbox 899 3182 967 3237; x_wconf 89' lang='lat' dir='ltr'><strong>et</strong></span> <span class='ocrx_word' id='word_1_227' title='bbox 1008 3172 1284 3239; x_wconf 90' lang='lat' dir='ltr'><strong>dulciter</strong></span> <span class='ocrx_word' id='word_1_228' title='bbox 1325 3176 1725 3260; x_wconf 84' lang='lat' dir='ltr'><strong>ferebamur,</strong></span> <span class='ocrx_word' id='word_1_229' title='bbox 1763 3176 1918 3260; x_wconf 84' lang='lat' dir='ltr'><strong>quia</strong></span> <span class='ocrx_word' id='word_1_230' title='bbox 1955 3173 2186 3259; x_wconf 72' lang='lat' dir='ltr'><strong>galeae</strong></span> <span class='ocrx_word' id='word_1_231' title='bbox 2249 3191 2487 3236; x_wconf 85' lang='lat' dir='ltr'><strong>cursus</strong></span> <span class='ocrx_word' id='word_1_232' title='bbox 2555 3190 2686 3252; x_wconf 81' lang='lat' dir='ltr'><strong>nou</strong></span> 
     </span>
     <span class='ocr_line' id='line_1_28' title="bbox 339 3276 2688 3366; baseline -0.002 -23"><span class='ocrx_word' id='word_1_233' title='bbox 339 3289 487 3344; x_wconf 84' lang='lat' dir='ltr'><strong>erat</strong></span> <span class='ocrx_word' id='word_1_234' title='bbox 526 3277 848 3362; x_wconf 84' lang='lat' dir='ltr'><strong>obliquus,</strong></span> <span class='ocrx_word' id='word_1_235' title='bbox 869 3276 990 3341; x_wconf 86' lang='lat' dir='ltr'><strong>sed</strong></span> <span class='ocrx_word' id='word_1_236' title='bbox 1034 3278 1280 3343; x_wconf 84' lang='lat' dir='ltr'><strong>directe</strong></span> <span class='ocrx_word' id='word_1_237' title='bbox 1320 3283 1642 3366; x_wconf 86' lang='lat' dir='ltr'><strong>currebat,</strong></span> <span class='ocrx_word' id='word_1_238' title='bbox 1670 3290 1734 3344; x_wconf 89' lang='lat' dir='ltr'><strong>et</strong></span> <span class='ocrx_word' id='word_1_239' title='bbox 1770 3281 2213 3345; x_wconf 88' lang='lat' dir='ltr'><strong>dormitionem</strong></span> <span class='ocrx_word' id='word_1_240' title='bbox 2242 3278 2688 3364; x_wconf 78' lang='lat' dir='ltr'><strong>promovebat.</strong></span> 
     </span>
     <span class='ocr_line' id='line_1_29' title="bbox 340 3383 2690 3470; baseline -0 -23"><span class='ocrx_word' id='word_1_241' title='bbox 340 3383 620 3465; x_wconf 81' lang='lat' dir='ltr'><strong>Quando</strong></span> <span class='ocrx_word' id='word_1_242' title='bbox 664 3384 838 3446; x_wconf 89' lang='lat' dir='ltr'><strong>euim</strong></span> <span class='ocrx_word' id='word_1_243' title='bbox 861 3393 1103 3452; x_wconf 86' lang='lat' dir='ltr'><strong>ventus</strong></span> <span class='ocrx_word' id='word_1_244' title='bbox 1149 3395 1255 3449; x_wconf 83' lang='lat' dir='ltr'><strong>est</strong></span> <span class='ocrx_word' id='word_1_245' title='bbox 1292 3404 1565 3470; x_wconf 85' lang='lat' dir='ltr'><strong>prosper</strong></span> <span class='ocrx_word' id='word_1_246' title='bbox 1604 3388 1866 3452; x_wconf 88' lang='lat' dir='ltr'><strong>omnino</strong></span> <span class='ocrx_word' id='word_1_247' title='bbox 1927 3395 1994 3450; x_wconf 92' lang='lat' dir='ltr'><strong>et</strong></span> <span class='ocrx_word' id='word_1_248' title='bbox 2036 3405 2168 3451; x_wconf 87' lang='lat' dir='ltr'><strong>non</strong></span> <span class='ocrx_word' id='word_1_249' title='bbox 2208 3386 2401 3449; x_wconf 90' lang='lat' dir='ltr'><strong>nimis</strong></span> <span class='ocrx_word' id='word_1_250' title='bbox 2443 3385 2690 3468; x_wconf 84' lang='lat' dir='ltr'><strong>impor-</strong></span> 
     </span>
     <span class='ocr_line' id='line_1_30' title="bbox 336 3489 2690 3577; baseline 0.001 -23"><span class='ocrx_word' id='word_1_251' title='bbox 336 3499 574 3572; x_wconf 85' lang='lat' dir='ltr'><strong>tunus,</strong></span> <span class='ocrx_word' id='word_1_252' title='bbox 636 3489 752 3553; x_wconf 84' lang='lat' dir='ltr'><strong>vix</strong></span> <span class='ocrx_word' id='word_1_253' title='bbox 793 3498 1008 3572; x_wconf 87' lang='lat' dir='ltr'><strong>potest</strong></span> <span class='ocrx_word' id='word_1_254' title='bbox 1059 3492 1307 3575; x_wconf 83' lang='lat' dir='ltr'><strong>percipi</strong></span> <span class='ocrx_word' id='word_1_255' title='bbox 1367 3502 1582 3556; x_wconf 88' lang='lat' dir='ltr'><strong>motus</strong></span> <span class='ocrx_word' id='word_1_256' title='bbox 1626 3493 1771 3576; x_wconf 75' lang='lat' dir='ltr'><strong>eJus</strong></span> <span class='ocrx_word' id='word_1_257' title='bbox 1829 3492 1912 3556; x_wconf 92' lang='lat' dir='ltr'><strong>ab</strong></span> <span class='ocrx_word' id='word_1_258' title='bbox 1973 3492 2079 3556; x_wconf 86' lang='lat' dir='ltr'><strong>his</strong></span> <span class='ocrx_word' id='word_1_259' title='bbox 2091 3537 2113 3577; x_wconf 92' lang='lat'><strong>,</strong></span> <span class='ocrx_word' id='word_1_260' title='bbox 2171 3492 2282 3576; x_wconf 84' lang='lat' dir='ltr'><strong>qui</strong></span> <span class='ocrx_word' id='word_1_261' title='bbox 2331 3491 2400 3553; x_wconf 89' lang='lat' dir='ltr'><strong>in</strong></span> <span class='ocrx_word' id='word_1_262' title='bbox 2466 3490 2690 3556; x_wconf 76' lang='lat' dir='ltr'><strong>carina</strong></span> 
     </span>
     <span class='ocr_line' id='line_1_31' title="bbox 337 3594 2687 3680; baseline -0.002 -19"><span class='ocrx_word' id='word_1_263' title='bbox 337 3603 529 3680; x_wconf 85' lang='lat' dir='ltr'><strong>sunt,</strong></span> <span class='ocrx_word' id='word_1_264' title='bbox 608 3594 761 3677; x_wconf 85' lang='lat' dir='ltr'><strong>quia</strong></span> <span class='ocrx_word' id='word_1_265' title='bbox 827 3595 1025 3657; x_wconf 89' lang='lat' dir='ltr'><strong>currit</strong></span> <span class='ocrx_word' id='word_1_266' title='bbox 1105 3594 1540 3679; x_wconf 80' lang='lat' dir='ltr'><strong>quietissime,</strong></span> <span class='ocrx_word' id='word_1_267' title='bbox 1617 3597 1764 3660; x_wconf 88' lang='lat' dir='ltr'><strong>sine</strong></span> <span class='ocrx_word' id='word_1_268' title='bbox 1843 3595 2349 3679; x_wconf 87' lang='lat' dir='ltr'><strong>claudicatione,</strong></span> <span class='ocrx_word' id='word_1_269' title='bbox 2410 3603 2477 3657; x_wconf 88' lang='lat' dir='ltr'><strong>et</strong></span> <span class='ocrx_word' id='word_1_270' title='bbox 2552 3602 2687 3657; x_wconf 90' lang='lat' dir='ltr'><strong>tam</strong></span> 
     </span>
     <span class='ocr_line' id='line_1_32' title="bbox 341 3698 2695 3786; baseline -0 -22"><span class='ocrx_word' id='word_1_271' title='bbox 341 3699 669 3786; x_wconf 79' lang='lat' dir='ltr'><strong>peregrini</strong></span> <span class='ocrx_word' id='word_1_272' title='bbox 714 3698 985 3762; x_wconf 79' lang='lat' dir='ltr'><strong>inferius</strong></span> <span class='ocrx_word' id='word_1_273' title='bbox 1062 3716 1255 3782; x_wconf 83' lang='lat' dir='ltr'><strong>quam</strong></span> <span class='ocrx_word' id='word_1_274' title='bbox 1307 3699 1548 3783; x_wconf 69' lang='lat' dir='ltr'><strong>galeati</strong></span> <span class='ocrx_word' id='word_1_275' title='bbox 1609 3701 1909 3784; x_wconf 84' lang='lat' dir='ltr'><strong>superins</strong></span> <span class='ocrx_word' id='word_1_276' title='bbox 1953 3702 2171 3785; x_wconf 84' lang='lat' dir='ltr'><strong>quiete</strong></span> <span class='ocrx_word' id='word_1_277' title='bbox 2248 3700 2571 3765; x_wconf 83' lang='lat' dir='ltr'><strong>dormiunt</strong></span> <span class='ocrx_word' id='word_1_278' title='bbox 2624 3709 2695 3763; x_wconf 90' lang='lat' dir='ltr'><strong>et</strong></span> 
     </span>
     <span class='ocr_line' id='line_1_33' title="bbox 343 3802 2693 3890; baseline 0 -21"><span class='ocrx_word' id='word_1_279' title='bbox 343 3805 566 3869; x_wconf 79' lang='lat' dir='ltr'><strong>omnia</strong></span> <span class='ocrx_word' id='word_1_280' title='bbox 624 3804 693 3866; x_wconf 90' lang='lat' dir='ltr'><strong>iu</strong></span> <span class='ocrx_word' id='word_1_281' title='bbox 762 3802 1022 3866; x_wconf 88' lang='lat' dir='ltr'><strong>silentio</strong></span> <span class='ocrx_word' id='word_1_282' title='bbox 1080 3811 1272 3866; x_wconf 85' lang='lat' dir='ltr'><strong>sunt:</strong></span> <span class='ocrx_word' id='word_1_283' title='bbox 1359 3804 1618 3889; x_wconf 87' lang='lat' dir='ltr'><strong>dempto</strong></span> <span class='ocrx_word' id='word_1_284' title='bbox 1683 3806 1826 3890; x_wconf 92' lang='lat' dir='ltr'><strong>illo,</strong></span> <span class='ocrx_word' id='word_1_285' title='bbox 1897 3806 2008 3890; x_wconf 83' lang='lat' dir='ltr'><strong>qui</strong></span> <span class='ocrx_word' id='word_1_286' title='bbox 2061 3806 2432 3889; x_wconf 79' lang='lat' dir='ltr'><strong>speculatur</strong></span> <span class='ocrx_word' id='word_1_287' title='bbox 2494 3805 2693 3872; x_wconf 82' lang='lat' dir='ltr'><strong>maris</strong></span> 
     </span>
     <span class='ocr_line' id='line_1_34' title="bbox 340 3907 2689 3995; baseline -0 -21"><span class='ocrx_word' id='word_1_288' title='bbox 340 3909 623 3992; x_wconf 87' lang='lat' dir='ltr'><strong>stellam,</strong></span> <span class='ocrx_word' id='word_1_289' title='bbox 668 3916 734 3971; x_wconf 90' lang='lat' dir='ltr'><strong>et</strong></span> <span class='ocrx_word' id='word_1_290' title='bbox 774 3908 907 3987; x_wconf 91' lang='lat' dir='ltr'><strong>illo,</strong></span> <span class='ocrx_word' id='word_1_291' title='bbox 962 3907 1073 3991; x_wconf 84' lang='lat' dir='ltr'><strong>qui</strong></span> <span class='ocrx_word' id='word_1_292' title='bbox 1132 3907 1392 3972; x_wconf 87' lang='lat' dir='ltr'><strong>clavum</strong></span> <span class='ocrx_word' id='word_1_293' title='bbox 1431 3911 1855 3995; x_wconf 80' lang='lat' dir='ltr'><strong>gubernaculi</strong></span> <span class='ocrx_word' id='word_1_294' title='bbox 1911 3919 2122 3993; x_wconf 88' lang='lat' dir='ltr'><strong>tenet,</strong></span> <span class='ocrx_word' id='word_1_295' title='bbox 2166 3910 2249 3973; x_wconf 90' lang='lat' dir='ltr'><strong>de</strong></span> <span class='ocrx_word' id='word_1_296' title='bbox 2303 3912 2538 3995; x_wconf 81' lang='lat' dir='ltr'><strong>quibus</strong></span> <span class='ocrx_word' id='word_1_297' title='bbox 2581 3911 2689 3975; x_wconf 82' lang='lat' dir='ltr'><strong>fol.</strong></span> 
     </span>
     <span class='ocr_line' id='line_1_35' title="bbox 344 4011 2696 4098; baseline 0 -20"><span class='ocrx_word' id='word_1_298' title='bbox 344 4012 449 4078; x_wconf 73' lang='lat'><strong>47.</strong></span> <span class='ocrx_word' id='word_1_299' title='bbox 493 4014 584 4077; x_wconf 86' lang='lat' dir='ltr'><strong>Hi</strong></span> <span class='ocrx_word' id='word_1_300' title='bbox 628 4014 798 4078; x_wconf 90' lang='lat' dir='ltr'><strong>enim</strong></span> <span class='ocrx_word' id='word_1_301' title='bbox 840 4011 1314 4097; x_wconf 82' lang='lat' dir='ltr'><strong>quedammodo</strong></span> <span class='ocrx_word' id='word_1_302' title='bbox 1350 4014 1806 4098; x_wconf 88' lang='lat' dir='ltr'><strong>applaudando</strong></span> <span class='ocrx_word' id='word_1_303' title='bbox 1843 4015 2019 4081; x_wconf 79' lang='lat' dir='ltr'><strong>felici</strong></span> <span class='ocrx_word' id='word_1_304' title='bbox 2049 4017 2268 4080; x_wconf 85' lang='lat' dir='ltr'><strong>cursui</strong></span> <span class='ocrx_word' id='word_1_305' title='bbox 2286 4026 2370 4080; x_wconf 84' lang='lat' dir='ltr'><strong>-et</strong></span> <span class='ocrx_word' id='word_1_306' title='bbox 2399 4017 2696 4081; x_wconf 66' lang='lat' dir='ltr'><strong>fflnunae</strong></span> 
     </span>
     <span class='ocr_line' id='line_1_36' title="bbox 347 4117 2699 4205; baseline 0 -23"><span class='ocrx_word' id='word_1_307' title='bbox 347 4117 562 4182; x_wconf 79' lang='lat' dir='ltr'><strong>bonae</strong></span> <span class='ocrx_word' id='word_1_308' title='bbox 628 4135 850 4182; x_wconf 88' lang='lat' dir='ltr'><strong>auram</strong></span> <span class='ocrx_word' id='word_1_309' title='bbox 900 4128 968 4182; x_wconf 89' lang='lat' dir='ltr'><strong>et</strong></span> <span class='ocrx_word' id='word_1_310' title='bbox 1025 4127 1295 4183; x_wconf 83' lang='lat' dir='ltr'><strong>ventum</strong></span> <span class='ocrx_word' id='word_1_311' title='bbox 1353 4120 1661 4204; x_wconf 85' lang='lat' dir='ltr'><strong>salutant,</strong></span> <span class='ocrx_word' id='word_1_312' title='bbox 1743 4122 1955 4186; x_wconf 87' lang='lat' dir='ltr'><strong>Deum</strong></span> <span class='ocrx_word' id='word_1_313' title='bbox 2012 4132 2078 4186; x_wconf 92' lang='lat' dir='ltr'><strong>ct</strong></span> <span class='ocrx_word' id='word_1_314' title='bbox 2140 4124 2199 4186; x_wconf 93' lang='lat' dir='ltr'><strong>b.</strong></span> <span class='ocrx_word' id='word_1_315' title='bbox 2247 4121 2586 4205; x_wconf 74' lang='lat' dir='ltr'><strong>Virginem</strong></span> <span class='ocrx_word' id='word_1_316' title='bbox 2630 4131 2699 4183; x_wconf 89' lang='lat' dir='ltr'><strong>et</strong></span> 
     </span>
     <span class='ocr_line' id='line_1_37' title="bbox 353 4220 2697 4313; baseline 0.001 -29"><span class='ocrx_word' id='word_1_317' title='bbox 353 4220 647 4287; x_wconf 84' lang='lat' dir='ltr'><strong>Sanetos</strong></span> <span class='ocrx_word' id='word_1_318' title='bbox 705 4222 1004 4306; x_wconf 86' lang='lat' dir='ltr'><strong>laudaut,</strong></span> <span class='ocrx_word' id='word_1_319' title='bbox 1087 4234 1155 4287; x_wconf 87' lang='lat' dir='ltr'><strong>et.</strong></span> <span class='ocrx_word' id='word_1_320' title='bbox 1215 4226 1343 4289; x_wconf 86' lang='lat' dir='ltr'><strong>sibi</strong></span> <span class='ocrx_word' id='word_1_321' title='bbox 1401 4226 1682 4292; x_wconf 88' lang='lat' dir='ltr'><strong>invicem</strong></span> <span class='ocrx_word' id='word_1_322' title='bbox 1750 4227 2174 4313; x_wconf 89' lang='lat' dir='ltr'><strong>respondent,</strong></span> <span class='ocrx_word' id='word_1_323' title='bbox 2254 4245 2381 4292; x_wconf 77' lang='lat' dir='ltr'><strong>nee</strong></span> <span class='ocrx_word' id='word_1_324' title='bbox 2458 4235 2697 4308; x_wconf 74' lang='lat' dir='ltr'><strong>tacent,</strong></span> 
     </span>
     <span class='ocr_line' id='line_1_38' title="bbox 365 4328 2698 4418; baseline 0.001 -28"><span class='ocrx_word' id='word_1_325' title='bbox 365 4328 672 4410; x_wconf 83' lang='lat' dir='ltr'><strong>quamdiu</strong></span> <span class='ocrx_word' id='word_1_326' title='bbox 689 4347 945 4393; x_wconf 65' lang='lat' dir='ltr'><strong>cursus</strong></span> <span class='ocrx_word' id='word_1_327' title='bbox 999 4330 1283 4394; x_wconf 83' lang='lat' dir='ltr'><strong>directus</strong></span> <span class='ocrx_word' id='word_1_328' title='bbox 1325 4342 1444 4398; x_wconf 84' lang='lat' dir='ltr'><strong>est.</strong></span> <span class='ocrx_word' id='word_1_329' title='bbox 1531 4333 1640 4397; x_wconf 86' lang='lat' dir='ltr'><strong>Ad</strong></span> <span class='ocrx_word' id='word_1_330' title='bbox 1684 4331 1863 4396; x_wconf 90' lang='lat' dir='ltr'><strong>illum</strong></span> <span class='ocrx_word' id='word_1_331' title='bbox 1906 4343 2167 4398; x_wconf 87' lang='lat' dir='ltr'><strong>cantum</strong></span> <span class='ocrx_word' id='word_1_332' title='bbox 2217 4335 2278 4406; x_wconf 81' lang='lat' dir='ltr'><strong>si</strong></span> <span class='ocrx_word' id='word_1_333' title='bbox 2321 4333 2451 4418; x_wconf 71' lang='lat' dir='ltr'><strong>quir</strong></span> <span class='ocrx_word' id='word_1_334' title='bbox 2473 4338 2698 4394; x_wconf 87' lang='lat' dir='ltr'><strong>essent</strong></span> 
     </span>
    </p>
   </div>
   <div class='ocr_carea' id='block_1_3' title="bbox 355 4430 2697 4596">
    <p class='ocr_par' dir='ltr' id='par_1_3' title="bbox 355 4430 2697 4596">
     <span class='ocr_line' id='line_1_39' title="bbox 355 4430 2697 4594; baseline 0.003 -100"><span class='ocrx_word' id='word_1_335' title='bbox 355 4430 425 4493; x_wconf 86' lang='lat' dir='ltr'><strong>iu</strong></span> <span class='ocrx_word' id='word_1_336' title='bbox 466 4434 653 4517; x_wconf 82' lang='lat' dir='ltr'><strong>navi,</strong></span> <span class='ocrx_word' id='word_1_337' title='bbox 695 4435 807 4516; x_wconf 88' lang='lat' dir='ltr'><strong>qui</strong></span> <span class='ocrx_word' id='word_1_338' title='bbox 849 4435 1030 4501; x_wconf 82' lang='lat' dir='ltr'><strong>alias.</strong></span> <span class='ocrx_word' id='word_1_339' title='bbox 1061 4436 1338 4502; x_wconf 87' lang='lat' dir='ltr'><strong>dormire</strong></span> <span class='ocrx_word' id='word_1_340' title='bbox 1380 4456 1510 4501; x_wconf 90' lang='lat' dir='ltr'><strong>non</strong></span> <span class='ocrx_word' id='word_1_341' title='bbox 1552 4448 1861 4524; x_wconf 81' lang='lat' dir='ltr'><strong>possent,</strong></span> <span class='ocrx_word' id='word_1_342' title='bbox 1899 4439 1984 4504; x_wconf 90' lang='lat' dir='ltr'><strong>de</strong></span> <span class='ocrx_word' id='word_1_343' title='bbox 2024 4438 2201 4503; x_wconf 82' lang='lat' dir='ltr'><strong>facto</strong></span> <span class='ocrx_word' id='word_1_344' title='bbox 2242 4435 2697 4594; x_wconf 60' lang='lat' dir='ltr'><strong>pbdormirent‚</strong></span> 
     </span>
     <span class='ocr_line' id='line_1_40' title="bbox 2209 4538 2236 4596; baseline 0 0"><span class='ocrx_word' id='word_1_345' title='bbox 2209 4538 2236 4596; x_wconf 83' lang='grc' dir='ltr'>ί</span> 
     </span>
    </p>
   </div>
  </div>
 </body>
</html>
