3242 5259
324 517 810 600 scripturarum
853 513 1215 596 habuerint,
1260 515 1411 599 quis
1430 511 1725 578 Judaeus
1766 511 1892 577 init
1934 514 2251 596 magister
2289 514 2456 598 ejus,
2498 533 2668 600 quae

324 624 407 688 ab
433 620 616 686 initio
647 620 898 682 viarum
920 635 1182 682 suarum
1204 618 1496 702 possedit
1518 628 1850 682 aeternam
1889 619 2272 702 sapientiam
2292 615 2332 684 ἲ
2374 620 2679 687 Attende.

325 727 525 791 frater
567 723 829 805 dilecte,
867 731 932 784 et
973 721 1236 789 domum
1271 725 1442 789 hanc
1502 740 1912 810 nequaquam
1954 726 2312 808 spreveris,
2355 724 2474 789 sed
2519 744 2664 790 eam

322 830 616 896 scholam
659 830 892 891 beatae
913 826 1209 911 Virginis
1250 827 1459 891 fuisse
1499 827 1715 892 crede.
1800 823 2120 906 Quamvis
2186 830 2360 893 enim
2403 830 2671 895 doctore

323 934 588 1000 homine
675 930 946 1015 indigua
1024 950 1156 995 non
1230 932 1462 1014 fuerit,
1532 929 1853 1016 discipula
1926 939 2143 994 tamen
2205 932 2346 997 fieri
2404 945 2670 1019 propter

321 1041 616 1103 meritum
658 1034 1044 1102 humilitatis
1086 1055 1217 1099 non
1261 1038 1617 1118 recusavit,
1662 1036 1833 1100 sicut
1855 1037 2052 1100 etiam
2098 1035 2375 1120 legalem
2418 1057 2668 1123 purga-

325 1146 562 1209 tionem
622 1140 895 1224 accepit,
950 1158 1080 1203 non
1136 1158 1222 1202 ex
1285 1141 1707 1222 necessitate,
1772 1138 1895 1203 sed
1954 1158 2039 1203 ex
2080 1141 2459 1207 humilitate.
2548 1144 2666 1209 Sic

332 1249 527 1312 etiam
571 1245 892 1310 Dominus
930 1243 1159 1329 Jesus,
1201 1253 1466 1308 aeterna
1505 1245 1848 1328 sapientia,
1912 1245 2082 1310 inter
2133 1245 2434 1312 doctores
2475 1249 2665 1333 sedit,

324 1370 441 1416 eos
479 1350 755 1414 audiens
798 1356 869 1413 et
909 1352 1325 1433 interrogans
1391 1359 1456 1412 et
1523 1366 1649 1412 nec
1710 1349 1930 1413 auditu
1982 1369 2108 1414 nec
2161 1354 2667 1438 interrogatione

322 1455 639 1541 proficere
680 1456 747 1518 in
788 1454 1066 1517 scientia
1105 1455 1333 1536 potuit.
1419 1451 1848 1518 Recessimus
1893 1474 2052 1539 ergo
2102 1455 2186 1519 ad
2239 1475 2485 1521 murum
2543 1458 2668 1523 do-

325 1580 474 1629 mus
516 1559 713 1644 illius,
756 1568 822 1622 et
863 1578 1012 1622 eum
1047 1557 1411 1623 deosculati
1454 1575 1704 1640 sumus,
1747 1568 1815 1623 et
1834 1558 2272 1645 Indulgentiae
2298 1564 2667 1647 accepimus

325 1664 442 1748 st)
488 1673 555 1728 et
599 1671 948 1728 consuetas
990 1664 1316 1728 orationes
1357 1661 1657 1726 diximus.

374 1851 495 1929 De
565 1851 834 1955 templo
881 1851 1194 1946 Domini,
1242 1848 1436 1953 quod
1483 1848 1747 1925 dicitur
1796 1849 2138 1954 templum
2182 1848 2622 1930 Salomonis.

489 2032 829 2096 Paululum
871 2032 1026 2096 inde
1063 2033 1393 2118 progressi
1435 2032 1519 2096 ad
1557 2033 1772 2096 locum
1833 2033 2138 2095 venimus
2156 2076 2180 2116 ,
2222 2032 2332 2095 ubi
2378 2031 2456 2096 ad
2500 2033 2665 2098 dex-

329 2147 491 2200 tram
535 2139 849 2202 transitus
893 2147 1029 2201 erat
1074 2137 1529 2222 testudinatus,
1575 2139 1687 2221 qui
1730 2137 2043 2200 transitus
2098 2144 2241 2200 erat
2304 2136 2664 2224 dealbatus,

327 2249 397 2306 et
439 2242 769 2325 lampades
811 2242 1112 2305 ardentes
1154 2242 1525 2325 pendebant
1585 2244 1655 2303 in
1712 2259 1827 2322 eo;
1892 2249 2045 2303 ante
2096 2240 2273 2305 illum
2321 2246 2662 2308 transitum

324 2348 668 2432 stetimus,
713 2355 778 2410 et
840 2365 957 2430 per
1024 2366 1170 2409 eum
1226 2348 1290 2410 in
1353 2345 1575 2428 templi
1642 2332 1901 2408 atrium‘
1937 2345 2408 2430 prospeximus,
2451 2349 2662 2431 ipsum

325 2453 518 2516 otiam
560 2452 892 2536 templum,
934 2450 1104 2534 quod
1148 2450 1479 2514 nominant
1520 2448 1912 2533 Salomonis,
1954 2449 2260 2513 vidimus.
2329 2452 2664 2518 Fleximus

327 2574 485 2641 ergo
527 2575 761 2642 genua,
805 2563 871 2620 et
909 2574 1136 2620 verum
1180 2556 1354 2620 illius
1398 2553 1624 2639 templi
1666 2553 2010 2617 Dominum
2069 2554 2518 2641 adoravimus,
2596 2566 2665 2621 et

325 2659 766 2744 indulgentias
807 2659 978 2743 (ἢ)
1022 2661 1354 2743 plenariae
1395 2659 1798 2723 remissionis
1841 2658 2214 2740 accepimus
2253 2659 2365 2723 ibi.

497 2761 814 2842 Quamvis
876 2765 1047 2827 enim
1104 2765 1412 2849 templum
1486 2764 1612 2827 hoc
1666 2782 1784 2846 pro
1849 2781 2023 2827 nunc
2073 2764 2160 2826 sit
2212 2764 2524 2828 muschea
2598 2776 2665 2831 et

330 2867 712 2932 maledictus
752 2868 1203 2933 Machometus
1245 2871 1311 2933 in
1353 2888 1433 2932 ea
1469 2868 1742 2950 colatur,
1773 2866 1924 2931 olim
1959 2876 2175 2930 tamen
2202 2875 2342 2931 erat
2382 2869 2667 2934 ecclesia

324 2974 774 3057 sanctissima,
816 2980 885 3036 et
929 2973 1141 3038 futura
1202 2983 1304 3037 est
1324 3018 1345 3057 ,
1409 2982 1473 3037 et
1533 2970 1877 3056 multiplici
1942 2972 2252 3036 miraculo
2296 2971 2663 3040 Salvatoris

338 3077 543 3142 nostri
586 3078 1013 3148 sanctificata.
1077 3077 1231 3143 Ideo
1273 3077 1716 3162 indulgentiae
1754 3094 1884 3140 non
1922 3078 2216 3142 obstante
2250 3079 2664 3155 Machometo

328 3180 587 3264 durant,
632 3202 778 3247 cum
824 3185 971 3267 ipsa
1012 3183 1294 3247 ecclesia
1353 3192 1486 3247 stet
1546 3183 1614 3245 in
1678 3182 2091 3245 sanctissimo
2156 3179 2342 3269 loco,
2406 3194 2471 3249 et
2513 3186 2664 3250 olim

332 3285 525 3350 suerit
568 3284 831 3351 Christo
873 3287 1217 3352 aedificata
1261 3295 1325 3350 et
1369 3283 1681 3350 dedicata.
1782 3285 1887 3350 De
1925 3287 2051 3351 hoc
2093 3287 2333 3372 templo
2391 3297 2458 3353 et
2521 3289 2665 3372 ejus

331 3390 786 3475 descriptione,
832 3402 897 3456 et
940 3396 1090 3477 quis
1134 3412 1278 3455 eam
1321 3391 1783 3475 aedificaverit,
1827 3402 1893 3456 et
1933 3392 2124 3477 quale
2157 3393 2347 3457 moda
2385 3396 2494 3479 sit,
2559 3396 2667 3460 di-

332 3512 475 3557 cam
520 3495 637 3558 sol.
678 3493 811 3559 257
848 3497 913 3557 A
956 3508 1024 3560 et
1064 3498 1130 3561 in
1158 3498 1600 3582 sequentibus.
1644 3496 1747 3560 De
1766 3496 2270 3562 sarracenorum
2315 3501 2663 3604 muscheis

333 3617 497 3683 quas
541 3598 847 3664 Canones
890 3602 1219 3665 nominant
1262 3603 1645 3685 mesquitas,
1687 3601 1842 3666 vide
1882 3602 1951 3665 in
1993 3618 2172 3685 spec.
2231 3602 2455 3665 histor.
2503 3564 2665 3668 Iiibr

328 3706 438 3770 24.
487 3703 563 3768 C.
603 3706 709 3789 82,
752 3706 1611 3776 ot1nfra1‘11.fol.1o4.

328 3893 447 3971 De
493 3893 660 3970 loco
711 3893 1111 3971 nativitatis
1160 3892 1425 3969 beatae
1459 3891 1746 3968 Mariae
1792 3891 2129 3993 Virginis
2172 3916 2396 3996 super
2434 3893 2664 4001 pisci-

1167 4039 1328 4117 nam
1388 4012 1851 4115 probaticam.

500 4193 650 4278 (B)
691 4193 970 4281 Repulsi
1033 4206 1250 4260 antem
1310 4196 1506 4260 citius
1547 4195 1809 4259 fuimus
1873 4212 1917 4257 a
1974 4195 2196 4280 templi
2238 4195 2669 4280 inspectione.

328 4297 483 4363 Non
509 4300 679 4362 enim
713 4301 1180 4384 aequanimiter
1196 4301 1413 4364 ferunt
1437 4299 1901 4380 Sarraeeni,ut
1941 4301 2067 4365 hoe
2108 4300 2416 4385 templum
2459 4300 2673 4381 inspi-

333 4404 608 4486 ciamus,
648 4403 760 4467 vel
801 4405 978 4489 quod
1017 4406 1078 4470 ei
1122 4405 1358 4489 quovis
1386 4404 1576 4470 modo
1595 4406 2202 4491 appropinquemus.
2259 4403 2674 4469 Βοοοωίιιω
