3242 5259
1523 305 1655 373 84⁷

414 500 631 557 antem
677 499 1029 562 noommos
1051 491 1327 560 ,labores
1368 497 1436 552 et
1462 486 1948 573 inquietudinum
1981 489 2198 554 statim
2238 488 2532 575 expulsis
2565 489 2752 556 nobis

412 597 497 661 de
538 595 777 679 templo
820 596 1110 678 cogimur
1152 593 1236 659 ad
1296 594 1424 660 alia
1466 594 1613 658 loca
1658 593 1988 658 visitanda
2052 596 2357 680 transire,
2401 605 2468 660 et
2517 598 2751 661 iterun

414 703 740 784 laborare,
797 707 866 762 et
908 702 999 764 ita
1052 699 1386 788 peregrini
1425 700 1620 761 nimis
1664 706 2083 786 attenuantur
2144 699 2427 785 vigiliis,
2462 701 2750 784 jjmiis,

415 816 481 869 et
521 805 885 887 laboribus,
930 813 998 868 et
1055 806 1171 868 vix
1220 802 1602 868 conceditur
1645 803 1742 865 eis
1803 812 2057 886 tempus
2111 803 2429 867 modicum
2477 804 2752 869 mandu-

415 909 625 975 candi.
711 910 799 972 Et
838 907 984 973 ideo
1025 909 1251 992 gravis
1289 907 1548 971 -modus
1588 923 1761 972 nunc
1803 916 1906 970 est
1967 907 2181 992 quoad
2228 899 2385 990 ho'c,
2451 910 2751 997 quamyis

410 1014 557 1078 aliis
600 1014 1002 1095 respectibus
1046 1012 1277 1076 melius
1321 1015 1411 1075 sit
1446 1003 1855 1098 iuud,‘quam
1896 1012 2093 1083 aliud.
2139 1013 2283 1100 Ego
2336 1015 2519 1077 enin
2554 1016 2752 1082 multo

412 1119 713 1182 libentius
747 1118 907 1183 volo
951 1138 1069 1201 per
1109 1126 1367 1182 noctem
1407 1134 1564 1181 esse
1617 1111 1691 1180 in
1733 1116 2016 1214 ecclesia
2056 1118 2356 1205 clausus,
2401 1097 2594 1208 quain
2636 1139 2753 1204 per

414 1224 600 1288 diem.

485 1455 606 1531 De
681 1452 999 1529 diversis
1071 1453 1431 1530 hominum
1485 1455 1885 1554 generibus
1968 1456 2042 1530 in
2094 1454 2417 1533 ecclesia
2470 1457 2703 1536 sancti

1110 1575 1480 1679 sepulchri
1529 1576 2040 1654 habitantibus.

576 1757 763 1821 Sicut
805 1756 1153 1819 diversitas
1185 1767 1630 1836 ‚creaturarum
1675 1759 1942 1823 decorat
1989 1760 2149 1824 univ
2163 1777 2379 1822 ersum
2447 1765 2512 1821 et
2556 1775 2753 1823 crea-

415 1877 616 1930 torem
661 1861 1018 1926 mirabilem
1057 1870 1122 1923 et
1159 1861 1516 1944 perrectum
1559 1853 1870 1948 ostendit,
1904 1866 2004 1929 sic
2046 1864 2396 1929 diversitas
2435 1865 2750 1948 gentium,

413 1990 691 2052 morum,
752 1969 1115 2051 linguarum
1175 1974 1245 2030 et
1307 1968 1542 2033 rituum
1597 1971 1941 2054 plurimum
1998 1970 2336 2034 decoraret
2403 1968 2751 2034 ecclesiam

412 2075 829 2156 catholicam,
885 2082 953 2134 et
1008 2070 1468 2137 Redemtorem
1523 2084 1821 2139 nostrum
1882 2076 2233 2139 mirabilem
2277 2082 2343 2137 et
2386 2075 2750 2155 perfectum

411 2178 812 2259 ostenderet,
847 2177 909 2239 si
961 2176 1131 2239 inter
1165 2176 1280 2239 illa
1321 2178 1548 2241 odiosa
1591 2184 1996 2261 perversitas
2038 2177 2381 2262 gentilium
2401 2224 2421 2259 ,
2462 2165 2750 2246 haereti'-

413 2300 668 2364 corum,
730 2289 797 2344 et
848 2279 1398 2344 schismaticorum
1465 2284 1728 2346 minime
1801 2285 2280 2365 invenirentur,
2360 2299 2750 2370 quamquam

415 2389 607 2452 etiam
651 2405 735 2450 ex
783 2384 948 2468 ipsis
990 2384 1300 2448 mirabilis
1345 2386 1529 2449 Deus
1573 2396 1640 2450 et
1679 2388 2009 2471 perfectus
2048 2386 2442 2452 ostendatur.
2508 2385 2750 2449 Eccle-

411 2494 513 2557 sia
553 2491 764 2556 sancti
826 2487 1157 2572 sepulchri
1215 2490 1544 2573 pulchrior
1584 2499 1691 2555 est
1732 2494 1989 2556 cunctis
2038 2493 2339 2556 ecclesiis
2408 2491 2626 2555 mundi
2669 2501 2754 2555 ex

414 2598 792 2662 diversitate
832 2595 1123 2684 gentium
1193 2597 1263 2659 in
1306 2613 1388 2659 ea
1425 2596 1638 2660 Deum
1696 2596 2129 2681 laudantium,
2194 2595 2487 2661 redditur
2536 2606 2753 2662 tamen

417 2699 722 2772 deformis
782 2708 849 2763 et
911 2709 1320 2766 monstruosa
1382 2719 1467 2764 ex
1526 2703 1852 2765 erroribus
1907 2701 2319 2766 horribilibus
2380 2702 2752 2766 intrantium

416 2824 579 2870 eam.
666 2804 838 2869 Olim
880 2806 1049 2869 enim
1093 2806 1621 2890 ingrediebantur
1664 2808 2021 2872 Christiani
2066 2807 2148 2871 de
2191 2816 2327 2872 toto
2370 2804 2642 2891 mundo,
2686 2815 2757 2869 et

417 2911 714 2976 omnibus
757 2910 1001 2994 linguis
1063 2914 1209 2976 sine
1252 2914 1609 2996 erroribus,
1671 2914 1816 2977 sine
1855 2913 2177 2998 perfidiis,
2242 2915 2388 2976 sine
2429 2914 2753 2995 supersti-

419 3018 701 3081 tionibus
771 3016 983 3080 Deum
1053 3018 1271 3081 colere
1351 3018 1757 3101 volentibus,
1826 3026 1896 3082 et
1963 3038 2094 3082 non
2168 3017 2754 3096 intromittebantur

416 3122 986 3205 excommunicati,
1038 3122 1473 3207 schismatici,
1533 3124 1844 3188 haeretici
1905 3125 2222 3208 praescisi
2237 3169 2258 3207 ‚
2327 3124 2561 3206 quibus
2604 3122 2753 3206 iam,

416 3229 578 3311 heu,
617 3226 922 3310 templum
967 3227 1231 3310 plenum
1275 3236 1414 3310 est,
1484 3231 1719 3316 quibus
1766 3232 1911 3314 ipsa
1952 3229 2223 3293 basilica
2254 3227 2501 3297 sordet.
2582 3226 2755 3296 Sunt

419 3333 640 3402 autem·
672 3333 804 3397 vn
857 3330 1262 3395 differentiae
1304 3330 1813 3399 Christianorum
1872 3336 1937 3399 in
1980 3335 2107 3399 hoc
2147 3335 2423 3420 templo,
2485 3352 2754 3419 quorum

416 3439 741 3523 quaelibet
778 3434 975 3501 habet
1017 3454 1203 3499 suam
1245 3441 1566 3522 propriam
1610 3450 1892 3524 sectam,
1935 3441 2259 3524 proprium
2310 3442 2537 3522 ritum,
2597 3455 2755 3522 pro-

414 3547 625 3627 prium
672 3544 970 3624 chorum,
1022 3559 1166 3604 cum
1220 3541 1500 3608 diversis
1561 3546 1884 3609 erroribus
1937 3555 2004 3608 et
2061 3544 2390 3609 damnosis
2443 3545 2651 3607 etianr
2685 3543 2755 3605 in

419 3647 961 3714 substantialibus
1032 3644 1205 3708 fidei.
1312 3647 1417 3710 De
1491 3657 1761 3733 quorum
1827 3650 2150 3713 erroribus
2218 3648 2481 3732 longum
2562 3648 2754 3711 nimis

421 3760 607 3818 esset
647 3753 756 3816 hic
800 3751 1032 3815 dicere.
1125 3750 1202 3817 Si
1248 3753 1352 3815 cui
1394 3759 1608 3815 autem
1677 3755 1899 3836 placet
1940 3753 2184 3837 aliquid
2229 3753 2311 3816 dc
2352 3755 2454 3818 his
2501 3751 2752 3835 videre,

422 3859 599 3943 legat
637 3856 1047 3942 peregrinale
1089 3855 1328 3936 domini
1372 3857 1601 3921 decani
1645 3861 2158 3942 moguntinensis
2198 3861 2538 3944 ecclesiae,
2582 3858 2755 3945 quod

418 3964 562 4029 loco
609 3965 713 4027 sui
755 3957 1039 4027 confecit
1077 3963 1471 4027 venerabilis
1513 3980 1745 4027 sacrae
1778 3965 2145 4049 theologiae
2184 3965 2517 4049 professor
2559 3980 2759 4045 egre-

420 4071 603 4153 gius,
664 4068 860 4144 Pater
899 4067 1219 4136 Martinus
1260 4068 1470 4152 Reth,
1515 4066 1899 4134 Conventus
1940 4069 2423 4153 phorcemensis
2489 4067 2755 4131 Ordinis

420 4173 973 4257 PraedIcatorum,
1021 4174 1170 4256 qui,
1215 4176 1313 4236 uti
1371 4174 1475 4238 vir
1523 4174 1783 4259 doctus,
1830 4176 2034 4238 multa
2075 4171 2159 4239 de
2198 4176 2523 4239 erroribus
2566 4172 2756 4236 habi-

421 4283 695 4343 tantium
762 4279 828 4341 in
871 4279 1241 4344 Jerusalem
1281 4280 1573 4363 gentium
1639 4290 1945 4343 accurate
1982 4279 2292 4344 disseruit
2332 4298 2450 4363 per
2493 4279 2754 4360 lmtgum

421 4385 486 4446 in
529 4383 760 4448 eodem
799 4383 1207 4469 peragrinali.
1269 4384 1417 4469 Ego
1453 4403 1618 4449 vero
1662 4383 1744 4448 ad
1788 4386 2113 4469 posterius
2158 4385 2337 4468 nihil,
2384 4383 2489 4445 vel
2528 4400 2752 4465 parum
