3242 5259
617 545 877 611 vallem.
964 542 1154 624 Quod
1213 560 1359 609 cum
1418 543 1779 609 adversarii
1846 544 2142 610 viderent
2159 570 2211 630 ‚·
2243 542 2494 630 lapides
2544 545 2629 612 de
2668 556 2960 614 torrente

618 654 923 736 ‹ule-nint,
958 661 1025 713 et
1063 658 1215 734 post
1254 667 1378 713 nos
1412 649 1482 711 in
1522 635 1785 714 nostros
1830 650 2134 715 ductores
2177 667 2294 715 eos
2323 653 2657 716 miserunt.
2703 652 2957 719 Verum

620 776 768 823 cum
809 754 1151 839 vidissent,
1194 774 1277 819 se
1313 754 1470 818 nihil
1501 754 1594 820 ‚vi'
1628 774 1668 818 a
1711 755 1898 820 nobis
1940 771 2139 840 posse
2182 755 2495 839 obtinere,
2536 766 2960 821 cucurrerunt

618 872 767 947 post
807 878 966 944 nos,
1004 869 1072 923 et
1111 878 1259 925 cum
1302 859 1662 923 humilitate
1704 868 1771 923 et
1832 859 2323 925 mansuetudine
2365 859 2605 945 aliquid
2645 862 2771 925 sibi
2817 862 2959 927 dari

614 970 967 1053 petierunt:
1026 963 1144 1028 sed
1214 983 1440 1049 parum
1498 974 2006 1048 reportaverunt.
2091 964 2206 1029 Sic
2248 982 2405 1049 ergo
2469 966 2666 1030 divisi
2728 984 2955 1031 sumus

615 1077 697 1138 ab
756 1073 891 1156 eis,
957 1079 1027 1134 et
1085 1070 1245 1135 nulli
1317 1069 1644 1151 dubium,
1679 1071 1738 1134 si
1800 1070 2098 1134 fortiores
2176 1069 2367 1134 nobis
2442 1070 2755 1154 fuissent,
2822 1069 2955 1135 non

616 1178 919 1242 obstante
1011 1175 1199 1239 salvo
1275 1173 1604 1238 conductu
1690 1174 1960 1238 Soldani
2046 1192 2168 1238 nos
2236 1194 2463 1240 omnes
2536 1176 2952 1260 spoliassent.

611 1286 842 1368 ‘ltaque
891 1283 1036 1346 sine
1089 1279 1365 1364 alicujus
1407 1276 1738 1363 ‘peregrini
1805 1280 2093 1344 laesione
2155 1280 2523 1362 evasimus,
2586 1282 2711 1344 nisi
2777 1280 2953 1365 quod

614 1387 874 1473 quidam
940 1388 1201 1451 fuerunt
1261 1385 1417 1448 tacti
1469 1385 1653 1468 jactu
1705 1384 2019 1469 lapidum,
2074 1390 2144 1447 et
2187 1384 2382 1468 aliqui
2425 1399 2689 1468 saccoS,
2752 1385 2954 1471 aliqui

609 1494 821 1578 pileos
862 1493 929 1558 in
972 1489 1247 1556 tum'ultu
1291 1490 1658 1553 amiserant.
1743 1490 1955 1554 Nemo
1998 1489 2087 1553 ibi
2142 1488 2524 1554 vulneratus
2598 1490 2751 1574 fuit,
2796 1493 2953 1574 quia

609 1600 735 1666 hoc
764 1587 1392 1677 bonumserientales
1442 1595 1704 1679 habent,
1730 1593 1901 1678 quod
1935 1595 2320 1678 sanguinem
2354 1593 2627 1658 fundere
2665 1595 2949 1658 horrent.

608 1702 868 1768 Vaiiem
917 1702 1127 1785 igitur
1191 1701 1369 1765 iliam
1442 1700 1812 1763 umbrosam
1869 1698 2285 1763 ascendimus
2346 1718 2464 1783 per
2526 1700 2948 1784 asperrimum

613 1815 966 1873 torrentem
982 1852 1004 1891 ,
1067 1806 1387 1870 habentes
1444 1812 1708 1868 montes
1782 1813 2080 1888 petrosos
2144 1804 2225 1866 ab
2287 1812 2563 1889 utraque
2628 1812 2813 1888 parte
2878 1811 2950 1868 et

611 1913 806 1995 altos,
851 1919 919 1974 et
965 1919 1116 1994 post
1161 1911 1424 1995 longum
1467 1925 1812 1973 ascensum
1857 1906 1938 1971 ad
1983 1908 2305 1993 quandam
2347 1912 2578 1974 turrim
2618 1910 2949 1993 venimus,

600 2017 796 2100 juxta
863 2036 1053 2102 quam
1124 2035 1297 2101 aqua
1360 2022 1502 2078 erat
1523 2011 1630 2076 ‘in
1689 1999 1922 2076 l‘acuna
1983 2024 2418 2098 congregata,
2478 2022 2545 2078 et
2588 2016 2677 2078 ibi
2733 2014 2948 2078 lucem

606 2121 877 2185 alterius
920 2121 1049 2185 diei
1111 2126 1501 2203 exspectare
1539 2118 1953 2201 volebamus,
2000 2120 2165 2201 quia
2203 2138 2336 2183 nox
2391 2120 2741 2184 tenebrosa
2782 2113 2948 2201 erat,

606 2232 678 2290 e‘t
731 2225 926 2290 vallis
984 2243 1237 2309 perse
1295 2218 1633 2306 uinbrosa,
1699 2231 1767 2286 et
1826 2222 1909 2285 de
1963 2223 2166 2285 asinis
2234 2222 2711 2316 descendimus.
2809 2222 2951 2286 Sed

605 2331 824 2396 subito
885 2332 1074 2395 timor
1100 2310 1395 2393 ‘nostros
1479 2327 1787 2392 ductores
1853 2329 2129 2409 invasit3
2152 2343 2167 2354 ·
2209 2330 2553 2412 timentes,
2618 2347 2703 2391 ne
2776 2328 2950 2392 forte

608 2433 872 2528 Arabes
915 2417 1048 2497 ini-
1075 2451 1278 2518 super
1330 2451 1451 2497 nos
1504 2434 1919 2518 quiescentes
1972 2432 2324 2516 irruerent,
2389 2440 2458 2495 et
2498 2436 2568 2496 ln
2625 2441 2760 2496 tam
2801 2440 2947 2496 arto

606 2543 895 2604 torrente
925 2539 1275 2604 defendere
1309 2555 1430 2601 nos
1469 2557 1599 2600 non
1636 2543 1929 2619 possent,
1955 2534 2318 2601 clamabant
2344 2555 2672 2601 resumere
2701 2537 2945 2621 asinos,

608 2651 678 2709 et
720 2653 1199 2729 consequenter
1240 2641 1596 2707 ascendere
1652 2646 1978 2704 montana.
2058 2640 2126 2703 A
2170 2649 2349 2705 turre
2411 2659 2599 2726 ergo,
2666 2660 2835 2725 quae
2875 2643 2945 2705 in

604 2749 775 2834 pede
845 2752 1085 2814 montis
1146 2752 1399 2832 stabat,
1462 2745 1879 2811 ascendimus
1940 2761 2058 2829 per
2130 2746 2308 2809 viam
2375 2745 2802 2829 periculdsam
2872 2753 2945 2810 et

603 2853 840 2938 altam,
884 2863 951 2917 et
990 2853 1075 2917 ad
1112 2853 1701 2937 quendam‘agrum
1742 2852 2076 2932 venimus,
2121 2851 2321 2912 stibi
2365 2851 2560 2913 etiam
2603 2852 2946 2934 quiescere

603 2961 1001 3048 cogitabant.
1070 2957 1205 3022 Sed
1248 2958 1401 3041 quia
1439 2975 1562 3022 nos
1604 2964 1675 3020 et
1715 2956 1964 3020 bestiae
2006 2963 2270 3018 uestrae
2307 2955 2618 3020 sitibundi
2659 2971 2941 3038 eramus,

604 3081 729 3126 nec
777 3063 868 3126 ibi
909 3064 1120 3145 aquae
1177 3071 1361 3124 erant
1378 3107 1398 3145 ,
1462 3062 1739 3137 ulterius
1792 3062 2232 3143 processimus
2288 3059 2355 3123 in
2412 3059 2692 3143 caligine
2708 3103 2730 3142 ,
2787 3060 2946 3140 quia

603 3173 729 3228 nec
769 3165 936 3229 solis
980 3183 1122 3249 nec.
1161 3165 1353 3229 lunae
1412 3166 1728 3232 beneflcio
1795 3166 2228 3250 potiebamur,
2287 3163 2407 3227 sed
2450 3164 2659 3228 solum
2703 3162 2944 3226 lumine

602 3269 717 3332 alti
780 3267 1168 3333 firmamenti
1245 3280 1312 3334 et
1369 3270 1451 3333 ad
1479 3280 1483 3285 ’
1512 3270 1837 3335 modicum
1901 3270 2275 3333 micantium
2331 3268 2664 3333 stellarum
2742 3266 2942 3330 radiis

605 3359 1077 3453 dirigebantur:
1154 3393 1274 3437 nee
1342 3377 1566 3437 videre
1630 3376 1933 3439 semitam
2001 3383 2405 3458 poteramus,
2469 3372 2592 3436 sed
2666 3371 2942 3455 quilibet

605 3481 997 3561 sequebatur
1037 3497 1222 3541 suum
1282 3493 1782 3545 antecessorem.
1871 3476 2038 3543 Cum
2089 3484 2308 3541 autem
2351 3479 2417 3542 in
2461 3478 2667 3541 altum
2707 3476 2945 3539 venis-

601 3603 853 3669 sernm,
921 3605 1170 3649 rursum
1234 3589 1314 3649 ab
1362 3589 1486 3649 alia
1558 3592 1743 3669 parte
1801 3582 2289 3667 descendimus,
2353 3590 2422 3645 et
2476 3581 2561 3645 ad
2617 3578 2941 3665 quoddam

601 3705 869 3769 parvum
917 3693 1242 3773 vinagium
1298 3693 1614 3769 vix-enimus,
1638 3692 1712 3752 in
1754 3707 1882 3773 quo
1915 3696 2058 3752 erat
2101 3690 2251 3754 fons
2293 3686 2503 3750 bonus
2545 3683 2940 3769 et‘frigidus,

605 3801 669 3857 et
737 3797 821 3857 ihi
885 3801 949 3857 in
1021 3797 1274 3857 deeiive
1342 3797 1574 3857 meinis
1638 3795 1729 3857 'in
1796 3813 1954 3879 agro
2018 3792 2309 3879 lapidoso
2377 3792 2583 3856 asinis
2639 3790 2943 3854 asinariis

582 3889 949 3981 'resignatis
1021 3905 1430 3965 consedimus
1498 3917 1694 3981 super
1752 3908 2025 3983 terram3
2085 3906 2155 3962 et
2198 3897 2504 3963 ductores
2545 3895 2750 3959 nostri
2792 3911 2940 3959 cum

601 4005 785 4089 equis
829 4005 969 4065 suis
1029 4017 1097 4069 et
1142 4009 1402 4069 asinarii
1450 4025 1594 4069 eum
1660 4004 1867 4066 asinis
1910 4022 2029 4085 per
2069 4003 2413 4068 circuitum
2454 4004 2939 4085 peregrinorum

601 4125 677 4173 se
729 4109 1146 4193 meaverunt,
1218 4113 1306 4173 iia
1366 4109 1538 4193 qued
1582 4108 1872 4173 ennclusi
1920 4126 2220 4176 eramus.·
2284 4106 2726 4171 Accendimus
2779 4121 2940 4187 ergo

601 4217 873 4297 lumina,
941 4221 1005 4277 et
1061 4213 1478 4297 preduximus
1546 4213 1626 4277 de
1681 4214 1968 4277 sacculis
2026 4214 2300 4296 nostrie,
2356 4230 2525 4296 quae
2588 4211 2694 4288 do:
2732 4209 2942 4277 Rama

601 4317 977 4401 tuleramus3
1025 4329 1093 4381 et
1142 4321 1402 4381 asinarii
1454 4317 1662 4383 uestri
1714 4325 2136 4402 portaverunt
2177 4318 2365 4382 nobis
2406 4335 2677 4401 aquam,
2740 4331 2940 4399 quam

601 4429 677 4485 ah
725 4425 821 4485 eis
877 4425 1182 4505 emimus,
1242 4433 1306 4485 et
1350 4421 1578 4485 villani
1638 4440 1846 4507 panes
1901 4430 1970 4488 et
2027 4423 2282 4489 fructus
2338 4429 2410 4486 et
2454 4421 2690 4505 dquam
2746 4419 2943 4484 nobis
