3242 5259
633 461 779 526 eni
819 476 969 524 cum
1007 456 1330 542 lapidibus
1371 460 1857 541 processionem
1897 457 2323 526 confundant.
2405 460 2493 525 Et
2530 459 2698 526 satis
2742 460 2970 524 mirum

601 573 760 650 est,
802 564 974 649 quod
1015 570 1267 627 tantum
1310 564 1748 647 committunt3
1791 579 1941 630 nam
1983 572 2136 628 ante
2178 573 2441 628 eentum
2490 564 2601 630 vel
2646 563 2974 650 quinqua„-

634 674 823 755 ginta
863 685 1068 732 annos
1106 686 1239 732 non
1287 669 1781 752 permisissent,
1834 686 1960 732 nec
2014 678 2169 734 ante
2204 670 2335 733 XX
2394 687 2604 734 annos
2658 665 2726 732 iu
2788 677 2974 733 tanta

635 765 933 841 libertate
965 782 1149 837 erant
1164 771 1549 858 Christiani,
1588 773 1763 836 sicut
1801 791 1976 837 nune
2015 783 2190 838 sunt.
2228 775 2413 838 Deus
2452 793 2572 860 pro
2615 791 2739 837 sua
2778 772 2975 838 laude

633 880 978 964 adaugeat,
1019 896 1106 942 ne
1147 880 1216 940 in
1275 875 1471 941 finem
1525 875 1906 942 claudantur
1968 897 2084 945 ora
2140 879 2512 944 canentium
2565 896 2645 963 se
2705 879 2774 944 in
2836 886 2973 942 tam

629 984 1067 1052 metissimis
1110 980 1293 1046 locis.

676 1204 796 1278 De
845 1200 1036 1294 loco,
1086 1198 1207 1277 ubi
1279 1199 1554 1279 Saulus
1607 1199 1932 1278 servavit
1984 1200 2419 1278 vestimenta
2464 1198 2930 1303 lapidantium

1368 1328 1697 1396 sanctum
1740 1318 2210 1424 Stephanum.

793 1498 1098 1586 Expediti
1138 1502 1316 1567 circa
1352 1502 1602 1590 portani
1647 1520 1908 1568 auream
1950 1503 2250 1568 venimus
2325 1500 2785 1568 descendendo
2850 1520 2973 1584 per

630 1624 952 1692 praeceps
990 1606 1104 1672 via
1146 1623 1382 1690 aspera
1423 1616 1493 1670 et
1534 1606 1828 1691 lapidosa
1868 1607 1950 1671 ad
1991 1607 2201 1673 locum
2247 1606 2616 1692 quendam,
2655 1607 2766 1671 uhi
2833 1615 2973 1668 stat

625 1721 835 1796 petra,
876 1729 1047 1797 quae
1088 1721 1191 1776 est
1230 1712 1300 1773 in
1342 1712 1712 1775 summitate
1738 1712 1951 1797 plana.
1996 1712 2211 1798 Super
2252 1714 2422 1777 hanc
2442 1721 2694 1796 petram
2723 1727 2972 1794 posue-

627 1825 779 1881 runt
816 1815 1211 1879 vestimenta
1259 1832 1382 1878 sua
1404 1817 1751 1881 carnifices
1796 1817 1911 1900 illi,
1934 1819 2046 1902 qui
2088 1827 2384 1881 sanctum
2430 1824 2972 1900 protomartyrem

631 1919 1037 2010 Stephanum
1079 1917 1370 2001 lapidare
1404 1919 1733 2005 volebant,
1779 1932 1853 1987 ut
1901 1922 2270 2007 expeditius
2303 1920 2556 2005 jactare
2574 1926 2865 2004 possent,
2901 1929 2969 1983 et

632 2024 863 2088 nntius
904 2022 1141 2087 ictibus
1181 2021 1499 2086 Sanctum
1538 2027 1872 2110 perimere.
1927 2027 2013 2091 Et
2057 2028 2299 2092 Saulus
2362 2026 2748 2091 adolescens
2810 2024 2968 2087 huie

626 2127 851 2194 aderat
901 2125 1275 2212 spectaculo
1294 2172 1317 2210 ‚
1382 2137 1447 2191 et
1518 2130 1667 2194 zelo
1722 2151 1838 2215 pro
1903 2132 2243 2197 Judaismo
2308 2147 2628 2196 accensus
2682 2128 2967 2214 omnium

626 2233 1020 2299 vestimenta
1059 2232 1485 2318 custodiebat,
1506 2244 1577 2298 ut
1597 2236 1743 2299 sine
1774 2237 2209 2302 sollicitudine
2245 2236 2619 2322 lapidarent,
2644 2242 2967 2318 quatenus

624 2340 726 2404 sie
788 2339 1070 2404 omnium
1141 2337 1352 2421 magis
1407 2336 1691 2420 juvaret.
1811 2340 2097 2406 Sedebat
2173 2351 2392 2406 autem
2455 2339 2699 2405 Saulus
2768 2355 2969 2421 supra

623 2445 1016 2510 vestimenta
1056 2450 1124 2506 et
1163 2451 1411 2526 petram
1477 2444 1764 2510 fremens
1827 2449 1894 2510 in
1937 2446 2343 2532 Stephanum
2405 2455 2471 2510 et
2508 2443 2968 2525 blasphemans

627 2547 978 2613 Christum.
1022 2546 1221 2612 Hunc
1263 2566 1420 2633 ergo
1461 2548 1673 2614 locum
1719 2551 2077 2617 deoseulati
2117 2570 2343 2618 sumus
2359 2597 2380 2636 ‚
2424 2561 2491 2615 et
2527 2547 2967 2631 indulgentias

628 2654 991 2738 recepimus
1033 2651 1170 2734 st).

908 2820 1028 2896 De
1076 2818 1268 2914 locu,
1316 2819 1438 2895 ubi
1479 2818 1563 2898 S.
1607 2819 2028 2927 Stephanus
2077 2819 2214 2897 fuit
2257 2817 2643 2923 lapidatus.

794 3001 1135 3067 Paululum
1198 3002 1281 3067 ab
1353 3001 1467 3064 illa
1539 3009 1731 3085 petra
1800 3001 2257 3067 descendimus
2319 3011 2546 3065 contra
2614 3008 2966 3065 torrentem

629 3102 911 3189 cedron,
954 3113 1021 3169 et
1060 3106 1148 3172 ad
1188 3106 1400 3171 locum
1442 3109 1787 3189 venimus„
1809 3105 1877 3170 in
1899 3125 2027 3191 quo
2057 3106 2433 3191 Stephanus
2477 3105 2597 3169 fuit
2616 3103 2962 3189 lapidatus,

624 3209 735 3271 ubi
776 3210 1040 3292 prositis
1076 3210 1377 3293 genubus
1418 3229 1534 3292 pro
1572 3210 2011 3295 lapidantibus
2051 3213 2309 3296 orabat,
2371 3220 2441 3273 et
2510 3228 2659 3275 cum
2723 3207 2963 3295 gaudio

624 3314 918 3396 suscepit
951 3311 1219 3396 lapides.
1304 3316 1514 3398 Igitur
1554 3315 1807 3380 canitur
1848 3315 1933 3379 de
1987 3335 2110 3381 eo:
2170 3314 2457 3400 Lapides
2508 3314 2816 3379 torrentis
2868 3311 2964 3375 illi

623 3415 849 3492 dulces
893 3415 1167 3484 fuemnt.
1210 3417 1534 3499 Quantum
1581 3429 1795 3484 autem
1836 3421 2042 3486 oratio
2083 3420 2413 3503 Seephani
2454 3417 2754 3501 valuerit,
2796 3416 2961 3482 dicit

623 3522 1071 3605 Augustinust
1114 3528 1176 3588 si
1218 3525 1592 3610 Stephanus
1636 3544 1766 3590 non
1810 3534 2067 3590 orasset
2084 3571 2107 3609 ,
2165 3523 2450 3588 ecclesia
2501 3523 2771 3586 Paulum
2832 3539 2963 3586 non

622 3626 906 3691 haberet.
989 3631 1066 3694 In
1107 3631 1233 3694 hoc
1273 3649 1430 3715 ergo
1472 3628 1615 3693 loeo
1658 3632 1841 3714 ipsos
1884 3628 2136 3713 lapides
2185 3628 2544 3693 deosculati
2586 3643 2849 3709 sumus,
2895 3631 2963 3687 et

620 3728 1065 3817 indulgentias
1107 3739 1517 3822 suscepimus
1557 3736 1693 3818 st).
1778 3733 2114 3819 Siquidem
2158 3734 2341 3798 locus
2379 3733 2492 3800 ille
2534 3732 2824 3815 repletus
2857 3738 2963 3792 est

621 3833 941 3919 lapidibus
983 3838 1453 3923 limpidissimis
1494 3842 1821 3911 torrentis.
1926 3842 2004 3905 In
2048 3840 2161 3903 illo
2201 3839 2345 3904 loco
2387 3835 2711 3924 quondam
2781 3836 2965 3898 stetit

626 3939 910 4007 ecclesia
967 3947 1396 4030 venerabilis,
1463 3946 1653 4029 cujus
1715 3955 1933 4010 tamen
1999 3948 2114 4011 vix
2178 3940 2634 4030 comprehendi
2688 3945 2965 4023 possunt

622 4047 900 4130 vestiga.
990 4047 1094 4112 Ad
1134 4052 1460 4115 sinistram
1506 4055 1680 4118 enim
1704 4051 1942 4120 ,adhuc
2004 4059 2448 4115 remanserunt
2508 4047 2710 4130 aliqui
2768 4043 2956 4105 muri.

620 4151 841 4216 Locus
880 4152 993 4218 ille
1032 4154 1231 4220 valde
1271 4166 1544 4222 sanctus
1583 4167 1688 4224 est
1704 4204 1729 4245 ,
1770 4159 1924 4245 quia
1955 4157 2045 4223 ibi
2086 4164 2376 4238 mortem,
2419 4167 2617 4239 quam
2656 4148 2965 4212 Salvator

622 4273 740 4339 pro
783 4259 1077 4324 omnibns
1119 4259 1255 4343 pati
1300 4257 1604 4342 dignatus
1645 4273 1769 4350 est,
1811 4265 1956 4349 ipse
1996 4261 2371 4348 Stephanus
2412 4259 2659 4346 primus
2716 4256 2789 4318 in
2824 4251 2957 4316 hoe

621 4360 767 4430 lucu
810 4361 1089 4427 reddidit
1129 4363 1488 4431 Salvatori.
