3242 5259
1470 328 1697 464 ¹⁰?-

350 517 695 602 strapina,
737 520 1068 578 sarmenta
1108 511 1384 578 collecta
1424 509 1616 576 ustis
1659 508 2112 596 vendiderunt,
2154 513 2391 597 quibus
2432 511 2695 577 humum

349 595 786 708 humectatum
829 615 1302 700 cooperuimus,
1340 624 1406 678 et
1449 615 1638 682 nobis
1678 625 1948 680 arnum
1992 618 2377 698 aptavimus.
2421 621 2697 700 Insuper

351 734 778 807 mercatores,
812 723 925 806 qui
967 729 1283 784 venerant
1325 719 1409 782 de
1448 719 1816 782 Jerusalem
1857 731 1922 785 et
1966 721 2050 784 de
2093 720 2324 807 Rama,
2366 742 2512 787 cum
2554 723 2696 788 suis

352 815 886 893 suaveolentibus
929 825 1362 890 mercimoniis
1402 823 1486 888 ad
1522 842 1644 889 nos
1679 826 1981 910 ingressi,
2015 828 2102 891 ibi
2138 827 2346 891 forum
2382 828 2694 913 fecerunt,

353 943 688 1019 portantes
728 934 797 996 in
832 913 1109 995 vitrioli's
1151 947 1386 1014 aquam
1426 948 1762 994 rosaceam
1800 930 1888 994 de
1929 930 2254 996 Damasco
2294 934 2697 1015 pretiosissi-

350 1056 557 1121 mam,
619 1049 684 1102 et
726 1058 842 1121 pro
900 1056 1031 1100 uno
1073 1035 1336 1100 denario
1391 1037 1738 1099 venetiano
1778 1036 2168 1101 vendebant.
2273 1037 2498 1120 Aliqui
2550 1037 2696 1099 bal-

350 1125 605 1222 samum
649 1142 1002 1226 habebant,
1037 1140 1237 1223 aliqui
1271 1156 1585 1222 muscum,
1610 1141 1809 1224 aliqui
1843 1144 2184 1227 savetiam,
2213 1143 2409 1228 aliqui
2447 1141 2697 1226 lapides

349 1250 712 1332 pretiosos,
755 1248 956 1331 aliqui
996 1246 1270 1310 fasciola
1314 1245 1397 1308 de
1439 1247 1643 1329 bysso
1685 1239 2205 1334 candidissimos
2224 1259 2289 1312 et
2326 1249 2586 1330 mitras,
2626 1257 2697 1312 et

349 1353 494 1454 alia
521 1353 724 1417 multa
761 1353 1049 1436 pretiosa
1103 1361 1169 1414 et
1235 1349 1553 1422 odorifera
1600 1353 1863 1426 fuerunt
1904 1353 1989 1417 ad
2029 1373 2152 1419 nos
2189 1355 2400 1437 illata3
2459 1353 2580 1417 sed
2624 1361 2691 1416 et

346 1443 494 1543 ipsi
530 1463 921 1536 mercatores
981 1466 1052 1520 et
1111 1455 1457 1519 Sarraceni
1519 1466 1674 1520 suut
1744 1461 2095 1542 unguentis
2175 1460 2541 1524 aromaticis
2628 1467 2701 1522 et

345 1566 720 1654 liquoribus·
750 1561 1095 1627 destillatis
1138 1559 1422 1644 delibati,
1461 1561 1554 1624 ita
1592 1571 1663 1626 ut
1707 1565 1935 1646 procul
1979 1583 2065 1630 ex
2107 1565 2207 1628 eis
2251 1564 2409 1629 odor
2448 1549 2707 1630 diffun-

349 1670 559 1735 datur.
646 1671 945 1752 Denique
984 1665 1142 1754 ipsi
1155 1675 1550 1736 mercatores
1593 1667 1905 1733 foetorem
1962 1680 2026 1733 et
2087 1670 2455 1756 squalorem
2503 1668 2693 1733 habi-

350 1777 550 1842 taculi
591 1797 724 1841 non
769 1774 1056 1839 ferentes
1098 1770 1526 1835 incenderunt
1565 1774 1754 1837 thura
1796 1785 1861 1840 et
1923 1776 2344 1859 thymiamata
2398 1774 2687 1838 arabica.
2726 1763 2731 1768 ’

350 1892 418 1947 et
459 1877 568 1946 ita·
595 1882 835 1945 factum
876 1887 1001 1960 est,
1054 1876 1226 1959 qued
1247 1876 1433 1940 locus
1473 1877 1584 1943 ille
1621 1881 1973 1964 turpissimi
2018 1881 2284 1946 foetoris
2329 1880 2544 1944 factus
2586 1888 2692 1944 est

353 1990 690 2071 apotheca·
711 1983 1091 2050 svavissimi
1132 1982 1369 2065 oderis,
1413 1992 1476 2047 et
1519 1984 1635 2070 illi,
1679 1987 1789 2067 qui
1841 1986 2052 2049 locum
2088 1996 2242 2050 ante
2297 1984 2691 2070 deturpave-

351 2102 530 2176 runt,
574 2093 690 2177 per
730 2111 809 2155 se
851 2086 1359 2172 mundaverunt,
1417 2098 1482 2152 et
1522 2092 1664 2155 suis
1706 2090 1980 2175 pedibus
2043 2089 2482 2156 immunditias
2526 2108 2690 2154 con-

348 2206 637 2266 terentes
701 2198 1218 2282 deportaverunt.
1344 2198 1420 2258 Ῑιι
1482 2196 1670 2262 brevi
1731 2198 1902 2259 enim
1968 2199 2181 2279 spatie
2240 2213 2329 2260 ex
2383 2198 2688 2266 continua

353 2300 866 2366 deambulatione
963 2301 1177 2364 factus
1244 2300 1366 2365 fuit
1449 2298 1665 2383 locus,
1727 2300 1921 2383 paulo
2000 2311 2153 2365 ante
2214 2302 2719 2384 abominabilisr>

349 2415 524 2470 totus
565 2407 885 2470 humanus
955 2415 1019 2469 et
1086 2403 1512 2481 delectabilia,
1563 2414 1630 2468 et
1668 2424 1860 2489 quem
1929 2415 2081 2469 ante
2140 2408 2391 2471 beffliae
2450 2410 2690 2471 intrare

346 2512 779 2595 horruissent,
823 2530 996 2575 nunc
1044 2511 1340 2587 homines
1382 2509 1641 2572 delicati
1698 2519 1764 2572 et
1804 2512 2039 2575 infirmi
2081 2514 2139 2575 si
2182 2514 2554 2596 intrassent,
2600 2531 2685 2576 ex

346 2617 686 2681 ondoribus
732 2617 921 2679 bonis
953 2615 1458 2679 convaluissent.
1504 2613 1673 2678 Cum
1711 2634 1949 2700 magna
1986 2616 2248 2700 quidem
2281 2617 2688 2698 displicentia

349 2732 417 2785 et
471 2715 896 2784 amaritudine
965 2722 1245 2803 ingressi
1318 2737 1575 2802 sumus3
1641 2720 1760 2783 sed
1828 2715 1909 2783 in‘
1952 2721 2165 2804 spatio
2223 2720 2416 2782 unius
2487 2723 2687 2786 horae

349 2819 756 2910 refrigerium
799 2836 865 2889 et
908 2826 1211 2890 solatium
1251 2825 1339 2888 ibi
1369 2825 1730 2888 habuimus.
1819 2827 2080 2888 Interea
2122 2823 2440 2887 venei-unt
2485 2825 2687 2909 aliqui

347 2932 731 3014 Sarraceni,
789 2941 856 2994 et
915 2947 1045 2994 ova
1099 2932 1168 2995 in
1234 2930 1498 2993 frixorio
1563 2911 1709 2993 oleo
1770 2930 1990 2994 infuso
2065 2940 2427 3014 coxerunt,
2477 2931 2677 3017 aliqui

346 3054 590 3121 panes,
634 3036 832 3118 aliqui
873 3054 1108 3120 aquam
1150 3033 1480 3120 frigidam,
1521 3034 1722 3120 aliqui
1767 3035 2056 3115 fructus,
2101 3021 2321 3120 aliqui'
2358 3033 2695 3102 lacticinia'

347 3143 547 3225 aliqui
603 3140 941 3225 placentas
982 3139 1069 3203 de
1108 3141 1255 3203 ovis
1294 3138 1542 3205 calidas
1593 3117 2049 3225 apportantes,
2096 3151 2163 3205 et
2212 3142 2403 3205 nobis
2444 3141 2684 3206 vendi-

348 3247 601 3313 derunt.
683 3246 787 3309 De
826 3246 1062 3330 quibus
1100 3245 1372 3308 emimus
1413 3255 1480 3308 et
1534 3245 1966 3327 comedimus,
2002 3256 2091 3309 ·et
2132 3237 2249 3330 pro
2303 3245 2684 3314 dormitione

348 3359 470 3416 nos
527 3352 924 3434 aptavimus,
979 3351 1135 3436 quia
1193 3350 1333 3413 dies
1393 3349 1532 3433 jam
1591 3350 1904 3415 inclinata
1956 3361 2121 3415 erat:
2201 3351 2501 3437 Cumque
2546 3352 2683 3434 jam

347 3456 616 3541 quilibet
675 3458 744 3520 in
783 3455 928 3521 loco
970 3457 1393 3539 consisteret,
1463 3456 1576 3519 ubi
1617 3475 1735 3539 per
1790 3465 2048 3520 noctem
2093 3476 2355 3521 manere
2400 3458 2683 3542 volebat,

346 3557 494 3644 (B)
537 3562 878 3645 ingressus
946 3568 1049 3626 est
1113 3557 1198 3622 ad
1256 3576 1377 3623 nos
1443 3579 1616 3636 uuus
1676 3559 2085 3625 Sarracenus
2152 3571 2421 3636 'saevus
2444 3637 2455 3652 ι
2480 3562 2707 3634 armis.

344 3667 711 3750 metus,
755 3666 992 3730 fustem
1048 3681 1239 3728 manu
1281 3663 1580 3747 bajulans
1598 3710 1619 3748 ,
1679 3675 1746 3729 et
1788 3667 2007 3750 exegit
2055 3683 2096 3728 a
2138 3647 2437 3749 quolibet
2486 3683 2683 3750 pere-

342 3772 530 3855 grino
572 3790 772 3835 unum
826 3770 1159 3834 denarium
1200 3769 1670 3852 Venetianum,
1733 3771 1907 3853 quod
1960 3770 2161 3852 prius
2183 3787 2312 3834 non
2367 3769 2683 3857 videram,

343 3876 429 3940 ad
491 3874 932 3939 redimendum
994 3881 1209 3936 tamen
1286 3875 1706 3938 vexationem
1778 3875 2098 3939 solvimus
2168 3875 2499 3942 denarium
2563 3898 2719 3962 pro,

341 3980 640 4064 hospitio.
724 3981 922 4043 Porro
965 3996 1113 4043 cum
1150 3977 1285 4062 jam
1337 3981 1644 4043 tenebrae
1683 3979 1949 4064 fierent,
2006 3969 2432 4047 conduximus
2471 3984 2682 4067 pretio

342 4083 508 4154 duos
563 4083 961 4150 Sanaeenos
972 4129 994 4169 ‚
1056 4085 1166 4170 qui
1207 4093 1402 4149 nocte
1453 4084 1537 4150 ad
1596 4086 1831 4150 ostium
1889 4086 2245 4171 speluncae
2307 4090 2678 4174 vigilarent,

341 4208 430 4258 ne
475 4192 631 4275 quis
692 4189 1066 4275 ingrediens
1097 4209 1246 4255 -nos
1303 4185 1711 4282 molestaret,
1774 4192 1928 4277 quia
1970 4193 2268 4277 -populus
2322 4196 2549 4259 varius
2613 4202 2682 4256 et

340 4295 582 4360 multus
637 4305 779 4361 erat
815 4297 924 4361 ibi.
1007 4295 1122 4361 Sc
1163 4314 1322 4381 ergo
1375 4305 1633 4361 uectem
1686 4296 1869 4362 illam
1928 4318 2059 4363 non
2126 4301 2273 4363 sine
2337 4297 2679 4364 formidine

342 4401 612 4485 egimus.
695 4402 994 4468 Aestimo
1035 4383 1280 4486 autem,
1338 4400 1510 4485 quod
1554 4409 1820 4468 exactor
1877 4389 2212 4488 praefatus
2266 4403 2461 4468 ruerit
2503 4413 2683 4464 nune
