3242 5259
1510 318 1686 419 ιη’
1793 362 1804 373 ·

396 535 725 620 peregrini
794 550 902 601 res
976 552 1137 600 suas
1208 536 1449 601 habent
1520 546 1923 622 reservatas,
2005 545 2076 602 et
2136 537 2220 603 ad
2287 538 2438 603 illas
2500 534 2742 623 capsas

396 641 722 726 utrimque
776 640 1168 707 dormientes
1232 653 1365 708 tam
1420 644 1491 706 in
1537 645 1802 711 sinistro
1862 658 2058 729 quam
2120 645 2190 706 in
2251 644 2478 711 dextro
2535 643 2738 709 latere

400 747 759 810 extendunt
798 748 1027 830 pedes.
1069 748 1207 815 Sub
1250 750 1614 835 peregrinis
1661 749 1872 813 adhuc
1934 756 2039 813 est
2069 751 2448 817 concavitas
2480 767 2737 832 magna,

395 862 464 916 et
506 852 911 935 profunditas
961 870 1173 938 usque
1213 854 1298 920 ad
1350 854 1585 940 galeae
1624 856 1950 939 infimum,
2013 854 2187 940 quod
2230 865 2466 918 venter
2505 854 2738 938 galeae

397 956 664 1043 dicitur,
707 959 819 1042 qui
862 959 1121 1044 quidem
1165 981 1295 1024 non
1338 970 1441 1026 est
1482 960 1656 1025 latus
1687 963 1875 1024 'sicut
1916 961 1985 1023 in
2037 958 2185 1023 allis
2238 962 2551 1042 nav-ibus,
2615 958 2736 1023 sed

396 1071 501 1125 est
544 1072 774 1126 acutus
811 1082 851 1126 a
892 1082 1086 1148 prora
1123 1082 1336 1152 usque
1376 1065 1460 1130 ad
1518 1068 1821 1155 puppim,
1885 1067 1981 1129 ita
2022 1064 2194 1149 qnod
2236 1064 2429 1148 galea
2468 1065 2738 1129 inferius

395 1167 594 1230 babet
636 1176 894 1243 acutum
928 1169 1182 1255 pedem,
1224 1171 1395 1239 ades
1435 1171 1698 1258 quando
1741 1190 1872 1235 non
1914 1179 2016 1234 est
2055 1171 2127 1232 in
2165 1187 2356 1255 aqua,
2394 1168 2567 1254 quod
2609 1188 2739 1233 non

395 1281 615 1356 petest
656 1290 855 1357 super
915 1283 1155 1343 terram
1195 1284 1416 1342 erecta
1467 1287 1678 1364 stare,
1754 1276 1875 1340 sed
1926 1285 2179 1359 oportet
2236 1294 2380 1340 eam
2422 1278 2490 1338 in
2533 1275 2740 1337 latere

389 1377 649 1459 jacere:
691 1387 761 1441 et
794 1379 927 1441 ista
963 1383 1213 1445 acuitas
1256 1380 1448 1446 navis
1489 1401 1689 1447 arena
1729 1382 1925 1465 plena
1966 1392 2069 1446 est
2100 1401 2310 1467 usque
2339 1380 2421 1445 ad
2456 1398 2740 1462 asseres,

394 1500 598 1565 super
637 1500 805 1568 quos
838 1483 1060 1566 jacent
1101 1489 1445 1571 peregrini,
1487 1496 1551 1551 et
1595 1489 1663 1550 in
1706 1490 1916 1571 ipsam
1955 1506 2222 1552 arenam
2264 1488 2505 1550 levatis
2541 1503 2737 1549 asse-

396 1588 576 1655 ribus
619 1589 944 1671 sepeliunt
982 1594 1309 1677 peregrini
1351 1593 1622 1657 vascula
1663 1610 1786 1656 sua
1824 1594 1893 1657 in
1943 1595 2178 1679 quibus
2232 1592 2456 1655 vinum
2477 1590 2739 1671 habent,

396 1702 465 1757 et
511 1714 642 1759 ova
682 1705 749 1759 et
789 1697 938 1780 alia,
981 1714 1151 1780 quae
1208 1699 1453 1787 frigore
1488 1699 1805 1782 indigent.
1895 1699 2100 1765 Porro
2154 1697 2428 1763 inferius
2479 1697 2548 1758 in
2593 1697 2740 1760 loco

393 1804 882 1884 peregrinorum
929 1802 1121 1886 juxta
1164 1804 1316 1868 mali
1368 1804 1650 1868 medium
1712 1812 1817 1869 est
1877 1807 2170 1887 sentina,
2234 1821 2365 1866 nou
2403 1801 2737 1865 hominnm

395 1905 841 1970 immunditias
873 1908 1215 1994 colligens,
1252 1910 1372 1974 scd
1409 1928 1637 1974 omnes
1673 1909 2089 1973 humiditates
2135 1917 2202 1971 et
2248 1925 2458 1992 aquae
2488 1906 2744 1971 occulte

395 2019 509 2077 aut
570 2020 873 2094 patenter
945 2013 1199 2097 galeam
1267 2016 1706 2079 subintrantes
1782 2013 1867 2082 ad
1931 2013 2079 2098 (B)
2105 1994 2120 2007 ’
2163 2016 2486 2077 sentinam
2559 2012 2744 2077 illam

395 2116 729 2203 distillant,
772 2128 839 2183 et
879 2120 1228 2205 confluunt,
1257 2130 1323 2185 et
1363 2122 1689 2205 pessimus
1735 2121 1943 2184 foetor
1977 2134 2062 2183 en
2100 2137 2182 2183 ea
2216 2120 2497 2202 exhalat,
2527 2118 2740 2202 magis

398 2240 593 2308 quan
658 2244 744 2289 ex
810 2241 1196 2311 quacunque
1271 2227 1506 2291 latrina
1567 2228 1991 2291 humanorum
2062 2233 2439 2288 stercorum.
2541 2227 2740 2288 Hunc

396 2332 571 2393 emni
612 2329 721 2397 die
762 2331 1070 2395 evacuari
1109 2341 1360 2415 oportet
1400 2332 1643 2417 semel,
1683 2331 1804 2394 sed
1850 2339 2137 2411 tempore
2202 2329 2496 2395 fremitus
2537 2330 2738 2394 maris

397 2437 549 2501 sine
585 2438 1063 2501 intermissione
1104 2456 1333 2502 omnes
1377 2455 1585 2523 aquas
1629 2454 1713 2500 ex
1755 2456 1835 2500 ea
1875 2453 2134 2499 sursum
2178 2437 2452 2499 trahere.
2538 2435 2742 2499 Porro

396 2557 598 2625 super
635 2544 964 2626 margines
1006 2542 1238 2628 galeae
1277 2548 1430 2606 sunt
1472 2542 1621 2607 loca
1659 2550 1879 2626 aptata
1918 2560 2035 2627 pro
2079 2548 2452 2605 ventromm
2492 2557 2740 2624 purga·-

400 2649 596 2713 time.
682 2649 850 2713 'l'ota
890 2647 1084 2733 galea
1143 2648 1323 2712 lutus
1383 2656 1450 2710 ct
1511 2656 1699 2711 extra
1753 2656 1857 2713 est
1921 2644 2268 2729 nigerrima
2329 2645 2478 2727 pice
2538 2644 2742 2725 linita,

406 2752 605 2816 funes
683 2755 874 2818 etiam
889 2800 911 2837 ,
982 2771 1245 2818 asseres
1325 2760 1392 2816 et
1463 2751 1592 2817 alia
1606 2797 1628 2835 ,
1702 2770 1789 2815 ne
1860 2751 1942 2813 ab
2028 2767 2199 2835 aqua
2259 2756 2746 2831 corrumpantur

402 2855 696 2923 faciliter.
800 2859 1025 2924 Funes
1110 2858 1404 2924 velorum
1487 2867 1554 2921 et
1615 2857 2041 2921 anchorarum
2113 2863 2365 2941 partem
2439 2871 2743 2938 magnam

402 2961 639 3047 galeae
706 2974 1059 3049 occupant,
1124 2965 1277 3049 quia
1346 2972 1500 3029 sunt
1562 2961 1837 3045 multae,
1919 2960 2159 3045 longae
2213 2969 2281 3024 ct
2343 2977 2620 3043 magnae
2671 2959 2744 3021 in

404 3070 741 3154 multiplici
784 3069 1175 3143 differentia.
1255 3069 1499 3137 mrum
1537 3077 1642 3131 est
1682 3066 1914 3131 videre
1970 3064 2437 3130 multitudinem
2494 3064 2743 3129 funium

405 3183 471 3237 et
525 3177 968 3240 connexiones
1020 3186 1087 3239 et
1142 3174 1727 3258 circumplexi-nes
1786 3190 2026 3236 eorum.
2117 3170 2330 3235 Galea
2391 3180 2494 3234 est
2556 3170 2745 3254 quasi

398 3279 751 3345 &aarum
774 3327 795 3365 ,
837 3300 1003 3346 nam·
1046 3279 1233 3345 locus
1274 3281 1583 3347 metionis
1624 3288 1728 3357 est
1763 3277 1955 3361 juxta
1994 3275 2253 3359 malum,
2294 3277 2597 3359 superius
2637 3275 2750 3341 ubi

401 3386 613 3450 ferum
655 3388 849 3451 etiam
886 3394 1025 3470 est3
1069 3385 1479 3450 refectorium
1515 3380 1858 3449 commu'ne
1891 3391 1995 3446 est
2033 3400 2190 3466 pars
2226 3381 2464 3466 puppis
2495 3378 2744 3462 media3

406 3490 845 3558 domitorium
928 3501 1212 3556 transtra
1282 3489 1683 3575 galeotarum
1749 3497 1817 3552 et
1891 3489 2165 3551 cumbae
2237 3488 2744 3570 peregrinorum.

398 3598 753 3679 capiunt-m
812 3614 904 3662 ex
952 3597 1251 3681 opposito
1293 3596 1644 3678 coquinaet
1688 3608 1986 3657 carceres
2005 3600 2176 3656 *sunt
2207 3593 2335 3659 sub
2376 3594 2747 3675 pavimento

396 3716 634 3784 praue
695 3710 763 3765 et
834 3705 1105 3787 puppis,
1168 3700 1440 3783 cellare,
1504 3698 1820 3782 coquina,
1881 3696 2205 3762 stabulum
2266 3697 2482 3760 omnia
2522 3703 2748 3780 patent

402 3822 620 3891 supra.
708 3808 797 3872 Bt
858 3810 951 3872 ita
990 3808 1277 3871 breviter
1315 3803 1536 3869 multis
1588 3804 1852 3868 omissis
1903 3803 2182 3866 babetur
2219 3800 2451 3885 gnidae
2507 3802 2742 3886 imago.

406 3912 756 3977 haeterea
818 3912 889 3977 S.
959 3912 1360 3996 seronymus
1437 3910 1507 3974 in
1550 3908 1849 3992 epistola
1922 3908 2006 3975 ad
2073 3908 2350 3977 naucum
2411 3916 2748 3992 aegrotem

398 4018 739 4082 menium
803 4018 1043 4102 pelago
1104 4025 1475 4101 comparat,
1537 4008 1892 4080 claustrum
1941 4016 2146 4099 tavi,
2208 4024 2274 4077 et
2331 4016 2399 4077 in
2443 4013 2746 4077 moralem

401 4132 651 4206 purtem
708 4121 1023 4206 traducit,
1088 4121 1352 4186 dicense
1418 4129 1525 4184 est
1590 4110 1924 4184 saeculum
1982 4130 2055 4187 ut
2122 4139 2338 4209 mare,
2411 4119 2585 4206 quod
2644 4127 2749 4183 est

394 4226 742 4311 impatiens
808 4212 1077 4311 natura,
1136 4235 1204 4291 et
1259 4226 1405 4290 sine
1466 4226 1683 4289 ventis
1753 4225 2043 4289 inflatum
2062 4270 2081 4308 ,
2123 4222 2408 4309 ''erigens
2474 4228 2541 4288 in
2605 4225 2750 4306 ipsa

398 4332 863 4416 tranquillitate
885 4335 1175 4399 minaces
1205 4340 1403 4416 atque
1431 4330 1755 4395 terribiles
1783 4331 2041 4415 fluctus,
2065 4328 2418 4416 quodlicet
2448 4344 2752 4395 sessores

398 4456 528 4500 non
570 4446 801 4503 noceat
843 4455 1022 4521 suos,
1055 4437 1250 4503 babet
1290 4444 1508 4500 tamen
1546 4434 1792 4520 aliquid
1832 4436 2196 4502 formidinis
2240 4436 2437 4504 etiam
2480 4432 2746 4495 innoxia
