3242 5259
1788 273 1911 338 194

673 455 812 521 Sed
855 456 914 519 si
957 455 1214 536 vident,
1276 471 1440 520 vasa
1491 455 1672 538 ipsa,
1729 459 1789 518 si
1849 464 2155 539 pauent,
2218 466 2536 541 rumpunt,
2622 457 3005 541 Accepimus

678 561 876 626 etiam
938 560 1007 623 in
1070 558 1373 654 sacculos
1447 568 1709 622 nostros
1767 575 2033 626 cascum
2091 570 2158 624 et
2234 561 2561 630 archetas
2622 561 2706 625 ad
2775 562 3007 626 fumum

683 681 952 748 carnos,
993 651 1070 727 et‘
1101 664 1407 730 flasculos
1448 672 1729 747 nostroS,
1773 674 1836 727 et
1879 666 2103 750 munia
2136 676 2360 740 nostra
2401 665 2557 749 (75
2579 667 2684 746 A)
2721 668 3006 750 peregri·-

681 771 886 851 nalia,
929 777 997 831 et
1064 766 1146 830 de
1204 771 1427 832 carina
1481 770 1549 831 in
1604 770 1867 852 puppim
1926 769 2357 834 ascendimus,
2443 772 2548 834 De
2598 772 2798 854 puppi
2858 790 3007 835 vero

676 876 743 938 in
786 876 1046 938 bamam
1089 873 1564 958 descendimus,
1608 885 1671 937 et
1716 882 1941 937 contra
1983 883 2217 938 terram
2260 885 2553 942 sanctam
2596 877 2907 958 navigare
2946 875 3006 938 in

679 981 1005 1064 cepimus,
1067 987 1134 1044 et.
1191 998 1337 1043 cum
1363 961 1388 984 ⁸
1408 978 1646 1062 gaudio
1712 997 1947 1063 magno
2009 978 2159 1042 altis
2232 980 2504 1044 vocibus
2567 981 2999 1044 cantavimus:

673 1085 788 1188 8¹¹,
821 1084 1042 1166 &nites
1105 1083 1384 1172 &taimen
1441 1083 1654 1168 fabren
1713 1083 1867 1167 mit,
1936 1083 2115 1166 itiner
2177 1083 2443 1154 &nabat
2489 1102 2563 1153 ze.
2633 1093 2706 1148 ut
2745 1084 3009 1148 h‘abetur

677 1189 788 1254 fol.
857 1190 955 1255 10.
1039 1191 1236 1252 Hunc
1296 1197 1511 1251 autem
1582 1199 1840 1252 cantum
1899 1199 2185 1252 nostrum
2249 1208 2378 1253 non
2443 1199 2741 1273 poterant
2796 1188 3011 1252 audire

676 1295 1026 1360 Sarraceni
1065 1295 1132 1357 in
1174 1292 1395 1377 litore,
1455 1293 1608 1376 quia
1665 1293 1833 1356 inter
1876 1311 1998 1356 nos
2042 1301 2108 1355 et
2152 1292 2307 1364 litus
2353 1305 2535 1359 erant
2577 1294 2830 1376 scopuli
2871 1294 3013 1356 An-

675 1400 1053 1486 dromedae,
1098 1401 1163 1462 in
1208 1400 1439 1483 quibus
1495 1416 1674 1461 mare
1717 1415 1951 1480 magno
1996 1399 2254 1461 fremitu
2296 1401 2544 1484 saevit,
2609 1410 2673 1463 et
2716 1408 2909 1462 sonat
2947 1406 3013 1460 et

671 1510 801 1573 hoc
861 1523 1024 1570 sono
1067 1513 1290 1568 noster
1354 1513 1587 1584 cantus
1643 1521 1773 1566 non
1832 1503 2229 1568 auffiebatur.
2320 1506 2640 1568 Venimus
2692 1513 2909 1567 autem
2946 1504 3014 1566 in

669 1614 858 1695 ipsos
894 1609 1221 1693 scopulos,
1247 1617 1313 1672 et
1347 1610 1517 1672 inter
1554 1608 1803 1691 scyllas
1832 1628 1952 1692 per
1982 1609 2333 1684 stridentes
2368 1609 2577 1675 undas
2607 1617 3013 1672 transeuntes

637 1735 846 1800 ,aqua
888 1715 1137 1797 perfusi
1193 1722 1258 1776 et
1313 1713 1549 1778 madidi
1595 1715 1751 1776 raeti
1826 1722 2076 1795 raptum
2140 1714 2485 1777 naviculae
2526 1724 2595 1778 et
2655 1714 3013 1806 allisionem

675 1823 741 1884 in
789 1839 984 1908 rupes
981 1866 1018 1914 ¹,
1079 1838 1248 1903 quae
1289 1821 1681 1902 minabatur,
1738 1818 2104 1903 evasimus,
2147 1830 2214 1881 et
2256 1838 2463 1904 usque
2503 1819 2586 1882 ad
2630 1819 2783 1881 litus
2823 1818 3018 1881 veni-

676 1943 822 1989 mus
874 1933 940 1988 et
980 1924 1064 1987 de
1091 1924 1411 1987 navicula
1477 1925 1731 2008 egressi
1773 1941 2018 1986 sumus.
2106 1923 2340 1988 Statim
2383 1934 2596 1987 autem
2641 1925 3014 2006 ut·hu1pum

680 2038 980 2102 sanctam
1034 2026 1307 2111 pedibus
1370 2030 1610 2092 nostris
1668 2028 2098 2112 calcavimus,
2160 2031 2346 2112 proni
2399 2031 2467 2093 in
2496 2020 2715 2092 'facies
2761 2038 3016 2091 nostras

676 2135 1052 2218 cecidimus,
1084 2144 1149 2197 et
1191 2144 1428 2197 terram
1469 2142 1763 2196 sanctam
1806 2152 1953 2197 cum
1994 2135 2244 2218 ingenti
2286 2134 2631 2198 devotione
2659 2133 3016 2198 deosculati

680 2259 928 2310 sumus.
1009 2240 1083 2303 In
1127 2241 1271 2322 ipso
1326 2259 1487 2304 vero
1529 2249 1831 2306 contactu
1875 2243 2084 2302 te'rrae
2149 2239 2526 2303 benedictae
2583 2239 3016 2323 indulgentias

677 2346 1005 2431 plenariae
1050 2346 1447 2412 remissionis
1505 2345 1906 2429 accepimus,
1962 2363 2131 2428 quae
2172 2346 2360 2428 signo
2410 2345 2523 2407 tali
2568 2345 2734 2429 (ἢ)
2776 2361 3023 2408 conse-

677 2461 953 2536 quenter
973 2451 1263 2514 denotari
1294 2450 1603 2516 ordinavi.
1648 2450 1823 2513 Nam
1857 2451 2227 2534 ubicunque
2260 2452 2518 2534 ponitur
2538 2469 2698 2514 crux
2718 2448 3017 2531 simplex,

672 2559 764 2622 ibi
806 2567 906 2620 ost
947 2556 1349 2640 indulgentia
1410 2556 1780 2637 septennis:
1849 2556 1961 2618 ubi
2001 2575 2160 2619 vero
2217 2557 2473 2639 ponitur
2535 2574 2695 2620 crux
2753 2553 3017 2637 duplex,

601 2659 608 2664 ’
674 2673 778 2728 est
817 2662 1219 2745 indulgentia
1257 2660 1586 2744 plenariae
1624 2661 2027 2724 remissionis
2069 2679 2111 2723 a
2149 2680 2360 2744 poena
2403 2670 2468 2724 et
2509 2679 2551 2723 a
2592 2662 2801 2744 culpa,
2845 2662 3021 2722 sicut

674 2770 844 2834 solet
911 2765 1066 2831 dici:
1134 2775 1201 2829 et
1256 2767 1462 2849 prima
1519 2779 1685 2830 crux
1752 2766 2079 2851 significat
2135 2766 2599 2852 indulgentiam
2659 2764 3022 2847 culparum,

675 2872 966 2940 secunda
1015 2891 1174 2936 vero
1227 2871 1665 2955 indulgentias
1721 2891 2091 2954 poenarum.
2177 2871 2395 2934 Finita
2448 2888 2602 2953 ergo
2661 2869 3022 2952 gratiarum

676 2980 931 3041 actione
995 2976 1079 3040 de
1140 2974 1330 3042 alveo
1394 2955 1589 3039 maris
1641 2976 2053 3040 ascendimus
2116 2994 2377 3039 sursum
2441 2994 2557 3059 per
2631 2984 3023 3058 praeruptas

673 3069 892 3165 rupe's,
926 3081 1158 3165 quibus
1202 3096 1377 3143 mare
1414 3081 1505 3144 ibi
1547 3083 1828 3164 cingitur
1870 3091 1937 3145 et
1977 3100 2095 3145 ora
2134 3079 2352 3164 pelagi
2392 3088 2581 3163 septa
2624 3089 2745 3142 est.
2786 3077 3023 3141 Stabat

672 3196 890 3251 autem
942 3185 1274 3268 superius-⁶
1299 3185 1496 3249 Pater
1537 3186 1909 3251 Gar-dianus
1974 3188 2210 3250 montis
2269 3184 2456 3268 Syon
2507 3192 2573 3246 et
2613 3185 2718 3248 sui
2778 3183 3021 3248 fratres

645 3291 824 3358 -c'um
866 3291 1219 3374 praefectis
1259 3299 1472 3354 terrae
1546 3300 1614 3354 et
1670 3292 2036 3355 senioribus
2079 3290 2589 3354 Sarracenorum
2635 3298 2701 3366 et
2741 3290 3025 3352 Mauro-

675 3416 818 3462 rum
859 3413 1007 3462 cum
1069 3395 1412 3479 sciptae,
1470 3406 1535 3459 et
1578 3398 1670 3460 ita
1711 3396 2169 3461 ordinaverant
2218 3414 2297 3460 se
2347 3397 2426 3460 ab
2484 3406 2759 3479 utraque
2804 3403 3021 3478 parte,

667 3501 854 3587 quod
886 3520 1003 3584 per
1025 3500 1573 3570 ‚mediumteorum
1618 3504 1893 3567 transire
1934 3503 2313 3586 peregrinos
2356 3519 2634 3565 necesse
2674 3509 2848 3564 erat:
2889 3517 3025 3563 nec

671 3607 799 3674 duo
840 3607 1164 3690 peregrini
1206 3607 1400 3670 simul
1462 3617 1761 3690 poterant
1820 3610 2130 3691 transire,
2195 3606 2314 3669 sed
2355 3625 2525 3669 unus
2586 3614 2736 3689 post
2779 3604 3020 3689 alium3

672 3730 808 3778 non
870 3719 1102 3802 autem·
1141 3713 1441 3775 sinebant
1524 3732 1646 3778 nos
1709 3716 1985 3779 transire
2069 3714 2404 3795 continue,
2491 3711 2610 3774 sed
2667 3708 3030 3793 quemlibet

637 3818 1014 3900 Aeaeum,
1075 3826 1140 3879 et
1185 3826 1375 3881 acute
1416 3819 1859 3902 intuebantur,
1903 3838 1984 3884 ac
2046 3837 2280 3883 nomen
2344 3836 2535 3882 suum
2578 3817 2906 3900 proprium
2950 3824 3026 3877 et

668 3924 878 4006 patris
937 3905 1041 3986 sui
1098 3941 1330 3986 nomen
1407 3924 1850 4009 requirebant,
1918 3934 1982 3992 et
2038 3925 2316 4008 scriptor
2379 3924 2566 3986 ambo
2628 3922 2890 3984 nomina
2944 3920 3026 3983 in

666 4027 928 4111 scriptis
973 4025 1321 4110 redigebat.
1367 4027 1611 4092 Nescio
1643 4013 1853 4093 autem
1889 4047 2084 4115 quam
2128 4025 2576 4104 difficultatem
2609 4028 2734 4091 hoc
2774 4043 3028 4088 nomeu

670 4133 862 4196 Felix
898 4133 968 4196 in
1023 4150 1244 4198 eorum
1289 4134 1510 4216 lingua
1555 4134 1744 4198 facit:
1789 4137 1942 4217 quia
2004 4145 2136 4200 tam
2177 4135 2245 4197 iu
2291 4133 2514 4219 altera,
2558 4150 2752 4216 quam
2794 4132 2861 4193 in
2902 4128 3031 4192 illa

666 4240 1186 4323 peregrinatione
1262 4238 1652 4323 aliquotiens
1721 4241 2057 4323 oportebat
2138 4260 2244 4304 me
2321 4241 2418 4302 eis
2494 4240 2711 4322 ipsum
2776 4253 3032 4300 nomen

667 4344 1013 4431 replicare,
1058 4353 1122 4408 et
1166 4353 1380 4410 tamen
1423 4361 1547 4408 nec
1590 4345 1981 4428 exprimere,
2024 4362 2149 4409 nec
2186 4346 2479 4414 scribere
2519 4351 2838 4429 poterant,
2885 4342 3033 4410 nisi
