3242 5259
1613 371 1703 436 54

512 569 786 646 quatuor
834 553 1052 638 digitis
1113 572 1155 616 a
1198 562 1403 617 morte
1442 551 1689 616 distare
1739 549 2071 635 probavit,
2134 567 2281 613 cum
2326 551 2613 633 parietes
2656 551 2849 615 navis

512 669 580 731 in
641 660 1063 748 spissitudine
1116 659 1397 722 habeant
1451 667 1729 741 quatuor
1791 658 2048 742 digitos.
2127 657 2573 741 Interrogatus
2631 658 2850 741 etiam,

511 789 681 857 quae
714 784 920 831 naves
951 773 1174 830 essent
1192 762 1507 828 tutiores‘tl
1553 763 1918 847 respondit:
1956 762 2131 845 illae,
2161 780 2336 847 quae
2357 765 2427 826 in
2446 771 2623 824 terra
2655 772 2848 827 extra

512 895 691 941 mare
724 875 978 958 jacent3
1020 873 1088 935 in
1112 889 1292 935 mare
1321 871 1560 933 nullam
1599 885 1904 930 asserens
1937 886 2091 932 esse
2121 870 2557 951 securitatem,
2590 877 2856 951 propter

511 981 892 1064 multiplicia
931 988 999 1040 et
1063 977 1399 1059 repentina
1451 974 1760 1057 pericula.
1847 972 1994 1057 (B)
2040 971 2404 1038 Grassante
2478 977 2674 1057 igitur
2728 975 2854 1037 hac

512 1085 785 1149 terribili
850 1091 1281 1165 tempestate,
1346 1098 1503 1144 ecee
1565 1081 1780 1142 subito
1844 1089 1910 1141 et
1974 1098 2057 1144 ex
2125 1080 2454 1162 insperato
2525 1079 2609 1143 de
2669 1078 2854 1142 coelo

514 1189 898 1274 adjutorium
942 1187 1225 1250 advenit.
1270 1188 1448 1249 Inter
1490 1185 1749 1267 Fulgura
1791 1185 1960 1246 enim
1995 1193 2063 1246 et
2087 1187 2571 1248 coruscationes
2599 1186 2856 1268 aparuit

514 1296 628 1359 lux
668 1293 985 1378 quaedam
1035 1301 1221 1355 stans
1281 1308 1481 1373 supra
1530 1308 1787 1372 proram
1827 1292 1895 1351 in
1952 1291 2103 1351 aere
2169 1288 2632 1372 aliquantulum
2698 1289 2852 1355 fixa.

512 1399 768 1463 Deinde
806 1398 1111 1481 paulatim
1138 1415 1215 1465 se
1256 1398 1455 1460 movit
1478 1415 1595 1479 per
1637 1414 1871 1480 gyrum
1915 1394 2164 1459 Galeae
2202 1386 2414 1480 usque
2457 1395 2542 1458 ad
2585 1398 2856 1478 puppim

514 1513 580 1567 et
620 1505 711 1566 ibi
754 1504 1037 1567 evanuit.
1098 1502 1253 1567 Fuit
1287 1512 1503 1566 autem
1548 1500 1661 1565 lux
1703 1500 1815 1563 illa
1855 1501 2075 1565 radius
2112 1502 2345 1585 igneus
2387 1500 2855 1584 longitudinem

513 1609 770 1672 cubitus
819 1607 1088 1671 habens.
1174 1608 1367 1670 Hanc
1409 1607 1619 1671 lucem
1681 1625 1827 1669 cum
1870 1609 2339 1689 gubernatores
2405 1603 2724 1669 Galeotae
2784 1613 2853 1666 et

513 1714 836 1779 marInarii
900 1714 1140 1774 caeteri
1196 1712 1552 1796 vidissent,
1614 1722 1680 1774 et
1722 1712 2048 1796 peregrini
2103 1713 2215 1796 qui
2274 1713 2582 1794 superius
2649 1717 2857 1791 erant,

513 1825 937 1882 cessaverunt
993 1818 1072 1878 ab
1112 1818 1284 1879 omni
1327 1817 1577 1898 labore,
1634 1826 1698 1877 et
1761 1817 2077 1880 siluerunt
2134 1818 2217 1879 ab
2262 1818 2434 1880 omni
2477 1818 2751 1899 strepitu
2791 1824 2858 1877 et

515 1925 833 2004 clamore,
879 1929 946 1983 et
1000 1919 1320 2004 provoluti
1378 1921 1458 1983 ad
1515 1939 1732 2004 genua
1785 1924 2076 1986 extensis
2135 1923 2202 1984 in
2264 1922 2514 1985 caelum
2558 1922 2856 1984 manibus

514 2026 945 2093 mediocribus
1010 2026 1271 2089 votibus
1329 2025 1488 2088 nihil
1553 2026 1727 2090 aliud
1792 2028 2200 2109 promebant,
2283 2044 2477 2109 quam
2548 2025 2856 2108 Sanctus,

516 2132 835 2213 Sanctus,
877 2130 1180 2194 Sanctus.
1265 2131 1466 2195 Porro
1509 2150 1633 2196 nos
1674 2133 1946 2195 inferius
2007 2133 2384 2214 mysterium
2455 2131 2854 2213 ignorantes,

514 2238 838 2321 perterriti
881 2235 964 2299 de
1004 2236 1220 2298 subita
1260 2238 1481 2318 quiete
1522 2247 1586 2300 et
1628 2238 1907 2319 silentio,
1952 2246 2014 2298 et
2060 2237 2143 2300 de
2203 2235 2468 2299 insolita
2526 2236 2854 2317 oratione3

515 2342 1003 2406 aestimavimus
1052 2359 1167 2404 eos
1190 2359 1231 2403 a
1271 2340 1598 2405 laboribus
1663 2358 1970 2405 cessasse
2009 2351 2271 2427 propter
2320 2340 2856 2425 desperationem,

517 2455 584 2509 et
673 2446 958 2510 Sanctus
1047 2445 1329 2509 clamare
1418 2456 1684 2531 propter
1754 2449 2102 2512 instantem
2180 2448 2710 2530 exspirationem,
2790 2455 2856 2508 et

516 2552 848 2614 stabamus
880 2553 1150 2634 attoniti,
1176 2551 1372 2615 finem
1408 2563 1689 2616 eventus
1732 2561 2211 2636 exspectantes.
2257 2552 2343 2614 Et
2388 2572 2553 2618 ecce
2595 2551 2857 2637 quidam

517 2657 789 2741 ostium,
838 2655 1005 2738 quod
1063 2673 1263 2741 supra
1304 2657 1593 2722 foramen
1638 2676 1977 2723 commune
2020 2655 2301 2740 Galeae,
2349 2678 2469 2741 per
2535 2657 2707 2742 quod
2774 2655 2857 2719 de

518 2762 957 2845 superioribus
998 2765 1066 2825 in
1110 2765 1395 2828 carinam
1465 2764 1912 2845 descenditur,
1971 2765 2278 2843 removit,
2334 2771 2401 2823 et
2455 2764 2737 2845 aperuit,
2791 2771 2860 2825 et

518 2884 721 2949 supra
758 2867 1002 2930 scalam
1047 2876 1263 2949 stans,
1307 2867 1613 2932 clamavit
1653 2870 1873 2937 verbis
1913 2867 2176 2931 Italicis.
2263 2864 2319 2928 0
2363 2864 2630 2948 Signior
2669 2866 2859 2946 pele-

516 2971 686 3052 grini
732 2988 861 3033 non
902 2971 1178 3033 habente
1209 2989 1414 3052 paura
1456 2992 1583 3054 que
1630 2983 1862 3056 questo
1921 2981 2075 3036 note
2107 2991 2235 3037 non
2264 2979 2529 3034 avereto
2563 2969 2853 3037 fortunaz

520 3074 691 3154 quod
759 3082 1007 3135 tantum
1060 3083 1285 3136 sonat:
1353 3073 1410 3137 0
1456 3077 1715 3139 Domini
1760 3077 2083 3159 peregrini
2126 3077 2325 3138 nolite
2373 3077 2633 3157 timere,
2700 3074 2859 3159 quia

517 3175 645 3239 hac
687 3184 880 3238 nocte
920 3185 989 3238 et
1042 3177 1372 3259 praesenti
1430 3188 1813 3260 tempestate
1878 3177 2038 3240 nihil
2091 3177 2243 3240 mali
2292 3180 2641 3261 patiemur,
2706 3180 2858 3263 quia

519 3280 1024 3345 consolationem
1090 3281 1173 3344 de
1235 3281 1418 3344 caelo
1493 3283 1854 3367 babuimus.
1972 3283 2134 3345 Post
2195 3283 2322 3346 hoc
2388 3293 2858 3364 perseverante

519 3394 942 3468 tempestate,
989 3386 1410 3451 recurrebant
1465 3384 1785 3450 Galeotae
1828 3385 1910 3448 ad
1966 3387 2195 3450 solitos
2253 3388 2510 3451 labores
2528 3432 2548 3469 ,
2618 3397 2686 3452 et
2719 3389 2855 3472 jam

517 3507 645 3552 non
723 3489 1076 3554 ullulabant
1148 3498 1221 3553 ut
1282 3492 1495 3574 prius,
1570 3489 1691 3553 sed
1760 3491 1951 3554 laetis
2025 3491 2415 3557 clamoribus
2504 3492 2856 3575 jubilantes

516 3593 909 3660 laborabant.
966 3594 1118 3658 Non
1153 3597 1322 3658 enim
1360 3595 1649 3658 laborant
1688 3597 1814 3658 nisi
1852 3614 2000 3659 cum
2032 3596 2333 3661 clamore.
2377 3598 2593 3664 Nemo
2635 3609 2852 3663 autem

517 3700 848 3774 aestimet,
893 3699 1065 3782 quod
1101 3699 1237 3783 jam
1281 3701 1455 3764 dicta
1496 3701 1579 3764 de
1647 3701 1794 3764 luce
1845 3703 1978 3764 siut
2017 3702 2174 3765 ficta
2217 3712 2330 3767 aut
2361 3696 2684 3785 ¹fabulosa,
2731 3701 2849 3765 sed

516 3814 669 3867 sunt
711 3806 1073 3888 verissima,
1102 3816 1169 3871 et
1209 3826 1289 3870 ea
1328 3805 1476 3888 plus
1509 3823 1702 3891 quam
1745 3805 2165 3871 ducentorum
2202 3810 2462 3872 testium
2489 3809 2851 3870 assertione

514 3909 708 3973 hodie
761 3911 828 3973 in
882 3910 1181 3975 humanis
1262 3911 1621 3977 viventium
1684 3912 1959 3994 probare
2033 3930 2318 3995 possem.
2420 3912 2848 3994 Nequaquam

517 4015 685 4077 enim
743 4014 1123 4079 abbreviata
1163 4024 1265 4079 est
1321 4032 1555 4078 manus
1596 4015 1868 4098 domini,
1932 4027 2002 4080 ut
2045 4018 2307 4083 salvare
2355 4034 2485 4078 non
2526 4015 2736 4097 possit
2776 4015 2842 4076 in

516 4119 924 4181 tribulatione
966 4100 1343 4182 existentes.
1430 4119 1568 4184 Sed
1627 4122 1774 4204 quis
1818 4124 2121 4185 meruerit
2180 4122 2350 4185 hanc
2390 4118 2843 4183 miraculosam

510 4218 956 4286 liberationem
1017 4224 1200 4287 Deus
1260 4226 1420 4306 scit,
1479 4227 1589 4309 qui
1646 4229 1839 4291 etiam
1896 4227 2192 4288 Etbnicis
2235 4234 2302 4286 et
2341 4222 2714 4286 ldolotatris
2775 4224 2842 4286 in

515 4325 751 4389 talibus
792 4328 1099 4410 periculis
1138 4328 1568 4396 clamantibus
1611 4330 1996 4395 miraculose
2036 4329 2374 4391 succurrit.
2455 4326 2628 4390 Dum
2671 4329 2842 4392 enim

512 4429 758 4513 impetu
800 4435 996 4497 maris
1022 4433 1383 4500 'volvuntur
1425 4438 1626 4499 anxia
1663 4434 2058 4498 necessitate
2117 4434 2448 4496 incassum
2512 4431 2595 4496 ad
2644 4433 2842 4497 surda

886 4554 925 4593 Ο

700 4754 757 4779 ⁸·-
