3242 5259
1521 350 1646 419 1oe

409 529 771 599 secundm
806 528 1241 599 conditionem
1274 546 1499 617 susus
1516 543 1586 597 et
1631 533 1809 600 dedit
1845 534 1946 598 eis
1975 544 2239 620 recepta
2280 534 2364 601 de
2400 536 2756 621 spatiosis,

407 649 475 703 et
506 639 700 704 multi
760 646 1143 720 receperunt
1198 641 1642 724 purgationes,
1685 642 1860 707 sicut
1900 658 2182 706 uecoese
2247 650 2352 706 est
2415 658 2602 711 mne
2641 644 2758 706 in-

409 745 854 831 gradientibus
895 745 1076 827 prius
1118 746 1399 828 purgari.

575 849 913 913 vicesima
950 867 1124 913 nona
1165 848 1316 933 die,
1359 866 1530 931 quae
1568 848 1692 913 fuit
1734 849 1973 914 festum
1993 850 2410 929 ,sanctissimi
2448 850 2758 935 Car-peris

412 952 698 1038 Ghr‘nti,
750 953 836 1018 ad
909 953 980 1018 S.
1054 956 1350 1019 Marcum
1406 953 1821 1021 ascendimus
1895 964 1965 1018 et
2021 957 2425 1039 processioni
2483 956 2760 1023 edomui
2885 962 2914 991 ’-

407 1059 729 1125 affuimus.
784 1059 1139 1145 Nunquam
1190 1059 1474 1123 vidimus
1531 1067 1748 1122 tantas
1796 1060 2245 1127 solemnitates
2280 1063 2392 1127 illo
2434 1046 2563 1147 di‘e,
2586 1066 2761 1127 dant

401 1165 535 1233 ibi..
589 1165 873 1229 liiriflca
942 1166 1114 1228 enim
1167 1173 1309 1228 erat
1376 1165 1543 1229 haec
1599 1168 1934 1248 procewo
1995 1167 2407 1232 multitudine
2478 1168 2762 1232 maxima

404 1271 853 1359 religiosorum
894 1270 1177 1334 omnium
1220 1269 1534 1335 ordinum
1577 1278 1646 1333 et
1686 1273 2116 1357 sacerdotum,
2158 1275 2271 1357 qui
2309 1274 2520 1336 sacris
2554 1271 2760 1337 induti

406 1377 708 1441 vestibus
768 1394 917 1441 cum
979 1376 1345 1460 reliquIaris
1401 1378 1889 1460 pretiosissimis
1945 1387 2010 1442 et
2061 1380 2266 1443 variis
2328 1377 2763 1462 procedebant

402 1481 700 1546 ordinate
758 1500 882 1564 per
931 1483 1270 1547 circuitum
1326 1482 1584 1566 plateae
1639 1482 1712 1546 S.
1778 1483 2019 1567 Marci,
2062 1502 2233 1567 quae
2273 1491 2582 1566 cooperta
2619 1491 2761 1545 erat

399 1589 584 1671 sagis
624 1587 814 1649 lineis
854 1604 974 1669 per
1016 1595 1221 1651 totum
1263 1587 1526 1670 longum
1570 1589 1878 1654 circulum
1907 1635 1928 1671 ,
1982 1608 2105 1673 per
2162 1607 2358 1672 quem
2424 1587 2759 1671 processio

404 1692 488 1756 de
529 1694 698 1756 ostio
738 1710 868 1755 uno
913 1692 1240 1757 ecclesiae
1283 1691 1354 1755 S.
1376 1692 1586 1756 Marci
1627 1712 1836 1777 usqne
1878 1694 1962 1759 ad
1983 1693 2159 1758 aliud
2182 1695 2338 1757 ibat.
2383 1691 2762 1756 Patriarcba

406 1816 565 1862 vcro
620 1798 1073 1861 Eucharistiae
1113 1776 1589 1862 sacramentum
1633 1800 1932 1881 portabat
1956 1843 1979 1882 ,
2021 1798 2109 1862 atl
2149 1797 2339 1881 cujus
2394 1797 2567 1862 latus
2607 1796 2762 1861 Dux

400 1905 534 1968 ibat
576 1903 642 1967 in
686 1920 809 1967 sua
849 1903 1324 1986 pretiosissima
1370 1902 1589 1966 ducali
1634 1905 1951 1988 mitrella3
2015 1913 2084 1968 et
2146 1903 2444 1969 Abbates
2503 1903 2762 1967 infulati

400 2027 550 2074 cum
592 2017 725 2073 toto
767 2007 913 2092 (41
940 2008 1050 2086 A)
1090 2017 1323 2072 senatu
1363 2008 1766 2075 Venetorum
1808 2011 2266 2095 sequebantur.
2356 2008 2762 2073 Delectabile

402 2115 599 2180 valde
620 2124 746 2197 est,
765 2121 1029 2197 praeter
1067 2113 1588 2178 ecclesiasticum
1626 2126 1943 2199 ornatum,
1984 2116 2095 2198 qui
2138 2113 2468 2179 excellens
2490 2121 2614 2198 est,
2649 2113 2762 2177 vi-

404 2220 559 2285 dere
583 2221 1032 2284 maturitatem
1079 2218 1480 2283 dominorum
1504 2218 1587 2283 de
1615 2218 1885 2302 Senatu,
1913 2229 1978 2283 et
1997 2220 2761 2285 honestissimumeorem

399 2329 750 2390 vestitum:
789 2325 917 2389 hos
967 2322 1413 2409 sequebantur
1456 2325 1895 2388 fraternitates
1936 2325 2180 2388 multae
2216 2334 2279 2388 et
2302 2322 2537 2388 deinde
2576 2338 2762 2388 cen-

399 2431 613 2496 munis
655 2431 916 2515 vulgus.
1002 2428 1330 2513 Religiosi
1371 2448 1531 2494 vero
1575 2439 1643 2493 et
1685 2431 1982 2494 canonici
2033 2437 2100 2493 et
2140 2430 2361 2494 clerici
2400 2426 2761 2513 praecede-

397 2536 555 2600 bant
601 2554 749 2600 cum
790 2546 988 2600 cantu
1030 2534 1299 2599 et‘omni
1342 2551 1589 2619 genere
1629 2535 2022 2598 musicorum
2047 2552 2195 2599 cum
2237 2534 2410 2599 ludis
2452 2543 2520 2597 et
2563 2546 2763 2618 spec-

398 2641 633 2705 taculis
689 2639 991 2705 diversis.
1073 2642 1172 2705 Ibi
1234 2640 1480 2704 nullum
1523 2639 1866 2722 collegium
1886 2684 1907 2723 ,
1973 2638 2222 2703 nullum
2280 2639 2761 2724 monasterium,

402 2746 579 2810 nullo
620 2746 991 2812 fraternitas
1033 2746 1390 2830 comparuit
1450 2746 1702 2829 absque
1743 2744 1960 2829 aliquo
1993 2743 2310 2827 singulari
2365 2743 2761 2843 spect-enh,

398 2868 526 2933 quo
568 2869 796 2916 omnes
840 2854 1249 2934 mirarentur,
1292 2860 1361 2914 et
1417 2850 1910 2915 delectarentur.
1954 2849 2223 2913 Fratres
2265 2848 2763 2914 Praedicatores

399 2953 489 3018 de
524 2954 600 3020 S.
642 2954 948 3021 Jebanne
1023 2965 1092 3020 et
1143 2957 1352 3020 Paulo
1414 2973 1536 3019 suo
1593 2953 1832 3019 decore
1892 2963 1960 3017 et
2009 2952 2315 3048 jocundis
2368 2954 2764 3038 spectaculis

397 3068 600 3124 totam
653 3064 1141 3145 processionem
1200 3061 1685 3125 venustabant:
1729 3059 1821 3123 ibi
1861 3058 2150 3124 vidimus
2204 3068 2452 3125 tantum
2513 3079 2762 3143 aarum,

398 3176 644 3231 tantum
690 3176 1052 3251 argentum,
1100 3165 1353 3249 lapides
1396 3168 1742 3250 pretiosos,
1782 3173 2012 3229 vestes
2048 3165 2392 3251 pretiosas,
2427 3165 2601 3251 quod
2631 3182 2764 3229 aon

397 3281 617 3356 potest
658 3272 1004 3336 aestimari.
1092 3271 1274 3335 Nihil
1319 3279 1424 3335 est
1476 3271 1568 3334 ibi
1618 3289 1811 3355 quam
1880 3268 2304 3335 multitudinis
2358 3268 2764 3335 confusibilis

398 3377 816 3460 comproesio‚
847 3394 1082 3441 cursus
1124 3385 1190 3440 ct
1210 3377 1685 3459 importunitas.
1729 3375 1893 3440 Post
1922 3375 2265 3459 prandium
2305 3373 2766 3459 navigavimus

398 3480 485 3544 ad
528 3482 1023 3566 monasterium,
1066 3481 1238 3565 quod
1281 3480 1515 3545 dicitur
1554 3480 1641 3545 ad
1705 3498 1942 3564 corpus
1996 3479 2241 3544 Christi
2260 3524 2282 3564 ,
2348 3489 2415 3545 et
2467 3489 2622 3544 sunt
2673 3479 2764 3542 ibi

400 3585 715 3650 moniales
768 3587 1020 3652 nobiles
1072 3595 1141 3650 et
1194 3586 1460 3650 ditiores
1523 3585 1813 3649 civitatis
1879 3582 2144 3649 ordinis
2196 3584 2761 3649 Praedicatorum:

400 3699 467 3754 et
490 3709 701 3775 paene
723 3699 862 3756 tota
902 3693 1140 3757 civitas
1180 3701 1333 3775 post
1367 3689 1706 3774 prandium
1749 3689 1865 3754 illa
1907 3691 2067 3755 hora
2102 3689 2186 3754 ad
2216 3689 2561 3754 ecclesiam
2587 3688 2765 3753 illam

397 3796 665 3879 navigio
707 3797 912 3881 venit,
959 3806 1026 3861 et
1066 3795 1143 3861 fit
1184 3813 1422 3879 magna
1462 3795 1726 3858 navium
1772 3796 2169 3879 compressio
2231 3803 2300 3858 et
2342 3791 2763 3878 congregatio

393 3900 480 3964 ad
521 3900 872 3967 videndam
914 3902 1413 3987 processionem.
1456 3899 1750 3963 Veniunt
1787 3901 1960 3965 enim
2005 3898 2246 3967 fratres
2275 3898 2765 3964 Praedicatores

397 4006 481 4070 de
514 4007 723 4072 tribus
742 4005 1226 4073 conventibus:
1271 4006 1355 4071 de
1396 4003 1467 4070 S.
1495 4004 1800 4071 Johanne
1844 4015 1914 4069 et
1939 4006 2179 4090 Paulo3
2223 4004 2308 4070 de
2327 4004 2400 4070 S.
2424 4003 2764 4073 Dominico

395 4120 467 4174 et
504 4111 589 4176 (le
630 4111 702 4176 S.
746 4112 939 4177 Petro
980 4122 1286 4197 martyre,
1329 4120 1397 4175 et
1437 4110 1686 4175 faciunt
1727 4110 1819 4177 ibi
1857 4114 2222 4196 preciosam
2275 4112 2764 4196 processionem

390 4230 539 4281 caru
601 4234 871 4300 corpore
931 4217 1226 4301 Domini,
1281 4235 1400 4300 per
1460 4216 1728 4302 longum
1791 4220 2075 4303 spatium
2098 4264 2120 4302 ,
2200 4234 2400 4300 super
2465 4213 2764 4279 canalem

394 4338 700 4405 magnum
741 4340 888 4389 cum
933 4322 1151 4388 multis
1195 4323 1619 4406 spectaculis.
1726 4324 1905 4388 Inter
1962 4323 2094 4388 ista
2148 4320 2373 4388 divina
2446 4317 2766 4399 solemnia

391 4435 677 4510 quantae
744 4426 837 4491 ibi
917 4426 1266 4494 videantur
1344 4429 1713 4515 vanitates,
1779 4440 1848 4496 et
1908 4429 2250 4505 mulierum
2331 4428 2764 4508 intemperata
