3242 5259
631 502 752 579 De
795 501 1090 602 81181119,
1135 500 1234 606 ,αἰ
1277 523 1490 601 quem
1537 500 1759 579 beata
1807 499 2049 602 Virgo
2094 502 2310 618 Μ
2351 503 2758 608 „efficiens

733 633 989 700 centra
1032 621 1318 700 domum
1371 620 1755 726 Cayphae,
1806 622 2093 736 quando
2145 623 2511 703 Dominus
2548 626 2648 703 ibi
2730 645 2771 660 ··

1394 743 1963 821 examinabatur.
2014 745 2027 758 '
2144 779 2157 792 ·

677 928 780 992 De
821 925 935 990 illa
974 934 1127 1009 post
1160 926 1325 990 haec
1367 924 1557 991 domo
1607 932 1867 1013 egressi
1906 944 2155 1013 sumus,
2197 939 2264 993 et
2304 930 2374 993 in
2419 947 2735 1015 processu
2777 927 2863 993 ad

514 1033 819 1117 angulum
861 1030 1201 1114 cujusdam
1239 1030 1469 1096 domus
1510 1037 1834 1119 venimus,
1873 1034 1956 1099 de
1999 1054 2127 1118 qno
2169 1035 2414 1118 angulo
2470 1043 2573 1099 est
2614 1035 2869 1099 directe

512 1145 822 1222 aspectus
866 1146 1093 1202 contra
1125 1137 1392 1220 januam
1457 1137 1689 1204 domus
1757 1139 2110 1225 cayphae,
2175 1140 2269 1203 ita
2330 1139 2503 1223 quod
2565 1149 2750 1205 stans
2792 1141 2867 1205 in

505 1244 638 1318 ,alia
679 1251 863 1327 parte
903 1250 1142 1326 potest,
1187 1241 1340 1308 dum
1387 1244 1530 1308 vult
1589 1253 1787 1331 eaput
1835 1245 2212 1331 extendere,
2256 1244 2341 1308 ad
2380 1245 2652 1328 januam
2681 1244 2871 1331 Cay-

510 1351 679 1435 phae
720 1349 1067 1432 respicere,
1109 1348 1220 1411 vel
1265 1348 1475 1412 solum
1519 1368 1665 1414 cum
1708 1370 1838 1416 uno
1882 1351 2093 1435 oculo,
2136 1354 2197 1414 si
2221 1350 2459 1435 placet,
2510 1358 2580 1413 et
2621 1351 2771 1434 ipse
2828 1368 2876 1413 a

511 1455 767 1520 nemine
787 1462 1000 1537 potest
1018 1453 1247 1536 videri,
1290 1454 1417 1518 nisi
1450 1454 1686 1540 aliquis
1716 1458 1937 1540 sciret,
1982 1476 2132 1520 eum
2178 1464 2351 1521 retro
2396 1475 2648 1520 murum
2685 1462 2871 1519 stare

509 1571 576 1626 et
618 1560 874 1626 occulte
909 1561 989 1625 ab
1032 1560 1273 1643 angulo
1314 1559 1557 1624 videre.
1639 1563 1716 1624 ln
1758 1562 1869 1626 illo
1933 1562 2077 1627 loco
2133 1563 2365 1627 dieunt
2427 1562 2875 1627 beatissimam

510 1668 851 1751 Virginem
895 1666 1169 1729 Mariam
1211 1673 1346 1730 toto
1396 1665 1508 1730 illo
1551 1673 1839 1750 tempore
1884 1668 2142 1732 occulte
2188 1668 2478 1745 stetisse,
2522 1675 2588 1731 et
2645 1675 2873 1730 eontra

512 1775 752 1838 ostium
789 1771 1189 1855 respexisse,
1239 1789 1366 1854 quo
1414 1769 1718 1838 Christus
1761 1773 2003 1857 ligatus
2046 1772 2357 1837 inductus
2418 1772 2575 1856 fuit,
2636 1771 2873 1837 volens

513 1875 768 1961 videre,
817 1894 944 1960 quo
1014 1883 1229 1939 tamen
1281 1877 1576 1941 ultimate
1639 1877 1980 1943 ducendus
2034 1886 2235 1941 esset.
2301 1876 2359 1941 Ο
2403 1895 2554 1942 cum
2608 1878 2873 1960 quantis

515 1983 848 2048 doloribus
890 1988 961 2044 et
1001 1978 1355 2063 lachrymis
1400 1982 1594 2045 stetit
1638 1993 2036 2066 exspectans
2070 1984 2161 2047 ibi
2197 1983 2584 2047 beaflssima
2636 1982 2869 2066 Virgo.

516 2085 688 2167 Quid
725 2095 919 2170 putas
962 2082 1410 2167 respondisset
1446 2085 1681 2170 Virgo,
1726 2088 1942 2171 siquis
1986 2107 2129 2152 eam
2173 2088 2682 2171 interrogasset,
2754 2089 2873 2150 cur

516 2194 607 2258 ibi
649 2200 888 2274 staret,
946 2189 1190 2275 quidve
1241 2191 1329 2254 ibi
1379 2200 1793 2274 exspectaret
1813 2190 1850 2258 ’ἐ
1887 2213 1970 2257 an
2033 2194 2203 2256 forte
2256 2192 2698 2256 liberationem
2754 2191 2873 2256 filii

515 2299 602 2364 de
618 2298 919 2362 manibus
956 2294 1368 2379 Judaeorum,
1401 2296 1512 2360 vel
1549 2295 1725 2361 aliud
1746 2293 1784 2361 2
1826 2297 1935 2362 Ad
1956 2315 2148 2382 quem
2168 2296 2396 2380 Virgo,
2438 2298 2599 2379 scio,
2642 2297 2870 2383 inquit,

516 2403 691 2490 quod
731 2402 905 2467 filius
946 2418 1134 2464 meus
1175 2401 1269 2464 ita
1296 2401 1679 2484 ingeniosus
1722 2413 1790 2467 et
1832 2402 2151 2468 facundus
2191 2409 2314 2483 est,
2364 2403 2429 2466 si
2470 2401 2555 2464 ad
2602 2401 2872 2466 ordina,-

516 2511 679 2573 rium
714 2507 1000 2590 judicem
1059 2505 1300 2569 ductus
1358 2506 1585 2590 suerit,
1656 2517 1883 2590 posset
1936 2525 2015 2572 se
2071 2523 2398 2576 excusare
2468 2515 2544 2572 et
2612 2507 2870 2589 dimitti,

517 2614 639 2679 sed
691 2631 838 2677 cum
899 2613 1026 2677 hoc
1066 2611 1230 2675 adeo
1288 2621 1670 2676 mansuetus
1710 2622 1777 2677 et
1811 2615 2129 2677 innocens
2170 2628 2252 2676 ac
2274 2613 2657 2696 taciturnus,
2700 2612 2873 2676 simt

518 2738 730 2804 agnus
771 2735 988 2782 eoram
1031 2716 1340 2781 tondente
1374 2734 1472 2799 se,
1511 2735 1643 2781 non
1684 2720 1983 2802 aperiens
2024 2735 2102 2781 os
2143 2735 2330 2780 suum
2360 2735 2477 2799 pro
2520 2719 2625 2781 sui
2660 2736 2869 2782 excu-

519 2826 796 2894 satione.
836 2822 962 2886 Est
992 2822 1258 2904 insuper
1294 2823 1389 2884 ita
1410 2819 1621 2886 duleis
1664 2833 1732 2886 et
1772 2823 2085 2907 amabilis,
2129 2821 2304 2905 quod
2338 2823 2602 2886 omnino
2648 2841 2867 2906 spero,

517 2927 697 3013 qued
737 2927 862 2991 sibi
904 2930 1394 3010 compatiantur,
1439 2936 1506 2990 et
1541 2927 1627 2991 ad
1669 2947 1775 2991 me
1828 2928 2190 2992 reducatur.
2295 2926 2451 2991 Ideo
2513 2928 2621 2991 bio
2670 2926 2871 3009 plena

520 3033 956 3096 anxietatibus
993 3039 1123 3112 sto,
1158 3039 1232 3093 ut
1283 3031 1477 3094 finem
1528 3032 1808 3117 videam,
1848 3051 1976 3115 quo
2031 3032 2334 3097 ducatur:
2380 3033 2440 3094 si
2494 3030 2579 3094 ad
2635 3032 2869 3111 vitam,

522 3137 779 3201 victura
818 3152 1076 3215 secum3
1115 3134 1176 3197 si
1221 3134 1305 3197 ad
1347 3145 1638 3222 mortem,
1682 3139 1994 3203 moritura
2031 3155 2259 3202 secum
2291 3136 2506 3202 exibe,
2621 3137 2870 3201 Dicunt

520 3243 717 3306 etiam
759 3238 997 3322 devoti,
1043 3237 1216 3323 quod
1254 3238 1490 3303 Petrus
1531 3249 1770 3325 negato
1809 3242 2109 3325 Domino,
2139 3242 2293 3306 dum
2332 3258 2478 3305 cum
2526 3242 2772 3324 eJulatu
2796 3253 2869 3306 et

521 3346 677 3411 fletu
717 3343 977 3407 domum
1019 3343 1246 3427 exiret,
1288 3345 1473 3409 venit
1512 3346 1596 3409 ad
1634 3347 1942 3430 angulum
1984 3347 2189 3430 illm,
2208 3363 2357 3410 -nec
2392 3355 2648 3430 poterat
2701 3347 2868 3411 Vir·-

517 3452 657 3536 gini
697 3449 873 3535 loqui
915 3463 1074 3534 prae
1108 3449 1505 3515 verecundia
1545 3458 1614 3514 et
1637 3450 1879 3536 dolore,
1900 3470 2024 3516 nec
2053 3452 2263 3535 Virgo
2305 3452 2454 3533 sibi,
2482 3460 2549 3514 et
2585 3453 2869 3517 cucurrit

520 3555 606 3620 ad
655 3563 944 3638 specum,
989 3555 1072 3620 de
1101 3574 1228 3640 quo
1270 3573 1472 3640 supra
1507 3555 1795 3620 habitum
1854 3566 1977 3621 est.
2080 3559 2279 3621 Hunc
2340 3574 2499 3641 ergo
2556 3558 2869 3642 angulum

520 3657 878 3725 deosculati
918 3676 1146 3725 sumus
1186 3670 1254 3725 et
1293 3659 1737 3745 indulgentias
1788 3664 2153 3749 recepimus
2168 3662 2303 3745 st).

563 3907 682 3985 De
729 3907 896 3984 loco
954 3904 1468 3985 decollationis
1519 3906 1602 3986 S.
1654 3910 2002 4014 Apostoli
2045 3909 2317 3991 Jocobi
2361 3907 2668 4011 majoris
2719 3905 2812 3984 ab

1332 4027 1640 4108 Herode
1689 4031 2042 4142 Agrippa.

671 4208 866 4274 Circa
905 4210 1302 4293 praedictum
1342 4212 1650 4296 angulum
1672 4215 1982 4279 vertimus
2018 4213 2280 4278 domum
2306 4212 2631 4275 ecclesiae
2656 4193 2863 4292 S‘yon,

509 4324 577 4378 et
618 4333 733 4399 per
773 4315 987 4378 vicum
1033 4315 1294 4400 longum
1339 4319 1782 4400 processimus
1822 4327 2051 4383 contra
2070 4318 2495 4400 occidentem,
2540 4331 2658 4400 per
2690 4313 2865 4377 mul-

512 4427 617 4482 tas
659 4419 884 4483 ruinas
930 4437 1255 4485 murorum
1300 4439 1708 4507 magnorum:
1777 4431 1844 4487 et
1886 4424 2115 4488 iterum
2182 4422 2266 4487 ad
2329 4441 2524 4487 uuam
2583 4420 2865 4502 domum,
