3242 5259
1828 303 1873 364 4

666 486 919 550 Fratris
969 480 1219 546 Felicis
1253 479 1433 563 juste
1480 481 1640 566 dici,
1699 483 2050 568 nominari,
2121 492 2188 546 et
2231 501 2384 547 esse
2440 487 2657 550 statui.
2744 486 2851 550 Ex
2890 507 3020 571 quo

665 592 894 674 titulo,
964 585 1237 651 materia
1316 585 1597 650 confusa
1664 595 1733 651 et
1803 588 2067 652 diversa
2129 586 2314 673 libri,
2395 599 2462 652 et
2529 594 3020 673 compositionis

668 694 1077 780 indispositio
1128 699 1191 752 et
1237 689 1572 755 distractio
1615 681 2003 775 patesceret.

832 797 1134 879 Accipite
1180 812 1361 877 ergo,
1405 798 1533 860 mei
1578 796 2139 884 desideratissimi,
2184 800 2359 863 hunc
2400 801 2591 864 vobis
2628 802 3021 885 promissum

668 904 886 969 fratris
928 900 1135 966 vestri
1187 900 1431 964 Felicis
1472 903 1973 988 Evagatorium,
2048 914 2116 967 et
2157 922 2274 986 pro
2317 904 2550 968 solatio
2593 905 2906 973 duntaxat
2947 909 3019 971 in

666 1025 746 1074 eo
788 1008 1010 1091 legite.
1073 1003 1221 1069 Nec
1264 1007 1436 1068 enim
1488 1009 1913 1072 charitatibus
1963 1009 2203 1072 vestris
2246 1008 2534 1074 libellum
2577 1011 2752 1075 hunc
2794 1011 3063 1097 offeror.

664 1125 993 1197 tamquam
1065 1110 1135 1171 in
1199 1111 1497 1174 omnibus
1580 1113 2018 1175 authenticam
2095 1114 2482 1196 scripturam
2560 1117 3019 1201 continentem,

662 1220 1114 1297 examinatam,
1156 1217 1511 1300 probatam,
1554 1218 2043 1280 auctoritatibus
2091 1217 2472 1303 roboratam,
2516 1231 2626 1283 aut
2662 1221 3018 1285 rationibus

664 1325 1022 1406 firmatam,
1076 1328 1151 1383 ut
1191 1321 1258 1383 in
1305 1341 1383 1384 eo
1424 1322 1722 1406 vigilanti
1762 1321 1977 1385 studio
2042 1321 2393 1405 legendum
2454 1325 2543 1386 sit
2582 1333 2910 1411 tamquam
2949 1328 3020 1389 in

663 1428 1008 1514 scripturis
1069 1425 1532 1489 illuminativis.
1567 1467 1584 1492 .
1617 1426 1757 1490 Sed
1808 1429 2001 1498 ‘robis
2074 1447 2223 1491 eum
2300 1430 2542 1514 tribuo,
2604 1439 2679 1493 ut
2731 1439 3020 1513 tempore

662 1533 1066 1602 remissionis
1091 1532 1535 1595 fructuosioris
1553 1533 1752 1595 studii
1775 1541 1840 1595 et
1860 1534 2309 1598 vacantiarum
2343 1535 2572 1598 diebus
2603 1555 2720 1617 pro
2744 1534 3015 1599 vitando

665 1642 795 1705 otio
840 1647 906 1700 et
959 1639 1358 1699 recreatione
1421 1638 1767 1721 sumenda,
1831 1656 1981 1701 cum
2035 1638 2224 1702 hilari
2273 1639 2683 1722 jucunditate
2726 1660 2910 1724 eum,
2954 1642 3014 1703 si

661 1751 898 1817 vacat,
959 1741 1214 1822 legatis.
1305 1740 1513 1824 Spero
1579 1753 1831 1827 autem,
1896 1742 2071 1827 quod
2130 1745 2380 1807 inutilis
2443 1764 2572 1808 non
2636 1747 2757 1807 erit
2815 1744 3010 1827 hujus

657 1846 1037 1930 Evagatorii
1077 1844 1292 1928 lectio,
1335 1862 1483 1908 cum
1527 1848 1725 1910 etiam
1767 1867 1874 1911 res
1918 1866 2186 1932 prorsus
2231 1848 2564 1912 fabulosas
2607 1858 2673 1909 et
2709 1848 3007 1911 fictiones

655 1954 948 2038 poeticas
992 1950 1072 2012 ad
1117 1949 1477 2032 profectum
1520 1951 1754 2014 salutis
1797 1961 2059 2016 vestrae
2100 1952 2327 2014 sciatis
2372 1961 2763 2034 retorquere.
2852 1951 3009 2014 Scio

658 2060 831 2121 enim
898 2063 1193 2142 vespam
1250 2064 1382 2117 tam
1445 2054 1810 2136 offnatum
1874 2057 2245 2139 affectum,
2294 2066 2365 2120 ut
2431 2076 2568 2119 non
2622 2056 2834 2121 solum
2900 2074 3009 2119 res

659 2159 945 2246 grandes
989 2168 1055 2221 et
1096 2167 1287 2240 gesta
1328 2165 1559 2223 sancta
1600 2163 1733 2224 sint
1773 2163 1966 2242 vobis
1995 2163 2306 2225 virtutum
2344 2163 2634 2244 materia,
2661 2161 2780 2225 sed
2814 2161 3009 2224 etiam

653 2286 762 2333 res
787 2283 1033 2350 parvae
1055 2273 1122 2326 et
1153 2264 1451 2348 esiguae,
1496 2275 1562 2328 et
1604 2266 1779 2329 sacta
1825 2266 2096 2350 puerilia
2146 2268 2278 2330 sint
2317 2269 2508 2332 vobis
2552 2266 3005 2329 aedificatoria.

656 2372 813 2436 Ideo
855 2368 1201 2434 audentius
1262 2370 1432 2431 inter
1473 2389 1713 2454 magna
1756 2381 1819 2434 et
1863 2381 2052 2456 vera,
2119 2381 2352 2435 sancta
2396 2379 2463 2433 et
2502 2373 2786 2456 seriesa,
2838 2387 3009 2434 nen-

653 2474 1275 2578 numquannjnsemi
1304 2476 1594 2559 puerilia,
1628 2478 2020 2560 apocrypha,
2049 2486 2111 2540 et
2140 2478 2435 2560 facetica,
2462 2496 2608 2541 cum
2650 2478 3008 2546 intentione

651 2590 869 2644 tamen
921 2567 1271 2660 numquam
1335 2575 1535 2664 sa‘lsa,
1577 2589 1691 2643 aut
1747 2581 2121 2667 mendacia,
2178 2593 2291 2646 aut
2332 2583 2830 2666 irrationabilia,
2894 2591 3007 2646 aut

650 2704 883 2750 sacrae
915 2685 1280 2767 scripturae
1314 2665 1657 2768 contraria,
1686 2686 1798 2748 vel
1828 2673 2017 2749 Bonis
2048 2689 2335 2751 moribus
2369 2707 2497 2749 non
2533 2687 3004 2750 convenientia.

652 2788 829 2870 Quin
890 2792 1020 2854 imo
1095 2807 1226 2852 non
1284 2787 1675 2853 mediocrem
1732 2791 2130 2874 intelsflctum
2195 2808 2455 2853 sacrae·
2482 2791 2873 2872 scripturae,
2940 2798 3011 2853 et.

647 2898 992 2959 multarum
1022 2892 1511 2974 ambiguitatum
1546 2894 1723 2956 dabit
1758 2894 1952 2973 hujus
1978 2895 2333 2974 evagatorii
2372 2892 2586 2973 lectio,
2620 2899 2683 2952 et
2721 2893 3007 2956 animum

651 2998 1110 3078 admirantem,
1154 3004 1220 3056 et
1267 3006 1552 3059 mentem
1595 2997 1919 3058 curiosam
1961 2998 2029 3058 in
2073 2996 2298 3059 multis
2340 2969 2709 3078 quietabit.

814 3101 1016 3163 Porro
1093 3098 1435 3184 distantias
1515 3100 1803 3161 locorum
1884 3109 1950 3161 et
2029 3099 2495 3180 longitudinem
2579 3100 2864 3184 viarum,
2934 3109 3005 3164 et.

645 3222 980 3268 numerum
1042 3201 1404 3266 milliarium
1451 3221 1570 3286 per
1621 3211 1829 3265 terras
1873 3212 1940 3265 et
1983 3204 2187 3265 mai-ia
2228 3204 2408 3266 nolui
2451 3203 2695 3287 ubique
2734 3223 2999 3289 ponere,

644 3318 909 3394 propter
974 3324 1249 3389 magnas
1309 3307 1761 3392 diversitates,
1838 3325 2003 3391 quas
2059 3309 2273 3391 reperi
2332 3308 2416 3371 de
2472 3309 2599 3372 hoc
2628 3309 2707 3371 'ln
2760 3307 3001 3394 libellis

644 3414 953 3496 militum,
1019 3420 1086 3473 et
1138 3421 1402 3495 propter
1474 3410 1993 3475 incertitudinem
2065 3413 2245 3476 illius
2317 3415 2855 3518 mensurationis,
2932 3423 3002 3478 et.

644 3527 910 3603 propter
957 3517 1483 3600 inaequalitatem
1523 3507 1913 3580 milliarium.
1995 3517 2173 3586 Nam
2213 3537 2332 3602 per
2373 3521 2554 3583 mare
2598 3539 2729 3583 non
2777 3528 2998 3603 potest

645 3624 872 3687 haberi
938 3621 1255 3687 certitudo
1318 3622 1400 3685 de
1459 3641 1727 3686 numero
1784 3622 2151 3694 milliarium
2171 3670 2189 3703 ‚
2254 3617 2383 3688 nisi
2441 3633 2669 3689 essent
2735 3643 2997 3707 semper

649 3729 959 3812 aequales
999 3728 1181 3791 venti
1201 3773 1219 3806 ,
1261 3729 1416 3811 quia
1457 3745 1606 3792 cum
1650 3746 1780 3791 uno
1821 3738 2021 3793 vento
2062 3735 2279 3812 pooest
2322 3732 2513 3795 navis
2557 3749 2674 3813 per
2714 3730 2995 3814 aliquem

645 3833 860 3897 lecum
900 3834 968 3896 in
1006 3833 1213 3895 tribus
1258 3832 1488 3896 diebus
1530 3834 1871 3919 attingere,
1915 3834 2000 3898 ad
2045 3852 2238 3920 quem
2276 3854 2422 3899 cum
2465 3835 2817 3902 aliovento
2859 3851 2995 3898 non

646 3954 916 4022 possum
958 3938 1027 4000 in
1068 3938 1277 4001 tribus
1320 3940 1702 4023 septimanis
1740 3939 2121 4024 pervenire,
2164 3941 2336 4003 sicut
2375 3941 2539 4006 ratio
2579 3937 2798 4002 dictat.

807 4042 880 4105 N
880 4059 957 4105 ec
997 4041 1082 4104 de
1126 4047 1485 4128 quantitate
1515 4064 1946 4128 expensarum
1975 4047 2318 4132 quiequam
2355 4045 2566 4129 posui,
2604 4045 2756 4128 quia
2796 4043 2990 4107 etiam

645 4166 778 4212 non
840 4150 1196 4232 aequaliter
1278 4152 1573 4215 omnibus
1638 4151 2034 4233 temporibus
2094 4148 2329 4242 cadit,⁸
2370 4155 2496 4212 n'ec
2562 4149 2862 4213 thelanea
2922 4157 2993 4212 et

645 4254 975 4318 cartusiae
1035 4254 1184 4338 (Β)
1229 4254 1643 4341 (ἶιιιιῖι-αςία-,
1684 4249 2054 4352 Gundqgia,
2099 4266 2166 4320 et
2205 4254 2499 4337 Pedagia
2537 4272 2797 4339 semper
2834 4263 2993 4318 sunt.

645 4360 974 4445 aequalia,
1036 4359 1157 4423 sed
1217 4379 1392 4427 nunc
1452 4361 1640 4447 plns,
1705 4377 1879 4426 nunc
1954 4361 2170 4426 minus
2234 4362 2543 4446 exigunt,
2609 4370 2677 4426 et
2731 4364 2988 4446 patroni
