3242 5259
536 502 976 584 processimus
1017 501 1088 563 in
1148 498 1463 583 cupellam
1503 498 1835 584 gloriosse
1880 500 2177 584 virginis
2235 501 2485 570 leriae
2547 502 2631 567 ad
2672 502 2878 567 altare

536 607 605 674 in
649 606 820 670 t'acie
861 605 1169 689 capellae.
1213 606 1416 672 Porro
1457 606 1526 670 in
1570 604 1684 672 illo
1729 604 1906 690 loco,
1951 614 2026 670 ut
2064 607 2329 691 sn'tiqm
2368 607 2560 671 habet
2604 608 2877 692 tradiffo,

538 719 638 776 est
683 710 900 795 locus,
965 713 1034 774 in
1092 727 1221 796 quo
1263 712 1455 774 besta
1496 708 1712 793 Virgo
1749 708 1964 776 Haris
2025 713 2389 776 morabatur
2432 731 2516 775 ex
2574 731 2658 776 ea
2698 715 2879 798 hors,

535 834 667 900 qua
709 835 751 878 a
797 834 992 881 cruce
1031 815 1155 879 fuit
1194 814 1392 882 (lustu
1432 832 1644 899 usque
1682 814 1767 879 sd
1820 816 1935 882 mii
1998 817 2106 880 sui
2150 799 2191 878 α’
2231 818 2511 882 mortuis
2542 836 2881 883 resurree-

536 921 806 1004 tionem,
847 939 974 985 uec
1015 921 1135 985 fuit
1177 922 1245 986 in
1297 921 1633 986 civitatem
1674 921 2042 985 Jerusalem
2096 921 2379 986 reducta.
2459 919 2665 988 Erant
2705 923 2880 987 enim

529 1023 720 1109 juxta
755 1026 1095 1111 scopulum
1121 1025 1465 1090 calvariae
1503 1026 1573 1089 in
1627 1027 1812 1090 horto
1856 1026 2115 1111 aliquae
2153 1045 2511 1111 pauperum
2552 1028 2879 1091 hominum

536 1134 973 1197 habitationes
989 1176 1009 1216 ,
1056 1132 1225 1195 sicut
1269 1130 1460 1195 hodie
1498 1139 1654 1193 snut
1696 1138 1887 1196 extra
1926 1133 2228 1196 civitates
2271 1132 2502 1197 domus
2539 1133 2608 1195 in
2649 1132 2883 1215 hortis,

535 1239 604 1302 iu
645 1238 881 1320 quibus
924 1254 1042 1320 pro
1085 1244 1376 1319 tempore
1416 1236 1837 1300 recreationis
1882 1237 2122 1300 domini
2160 1238 2331 1301 horti
2374 1238 2707 1321 habitant,
2757 1235 2878 1300 sed

537 1342 690 1406 aliis
732 1342 1134 1425 temporibus
1178 1348 1249 1403 et
1290 1341 1594 1406 continue
1637 1357 1958 1425 pauperes
1999 1342 2067 1405 in
2109 1342 2211 1405 eis
2250 1350 2424 1405 sunt.
2509 1341 2677 1406 Cum
2720 1360 2880 1426 ergo

535 1448 856 1511 Dominus
876 1448 1081 1511 Jesus
1124 1446 1193 1509 in
1235 1463 1430 1508 cruce
1470 1448 1765 1531 pendens
1807 1456 2075 1512 matrem
2095 1447 2382 1511 Johanui
2423 1445 2881 1511 commendas-

517 1559 672 1636 ·set,
715 1545 994 1615 abducta
1030 1552 1153 1616 fuit
1195 1572 1233 1614 s
1275 1569 1500 1635 cruce,
1543 1552 1667 1615 sed
1710 1548 1887 1617 nullo
1927 1552 2116 1617 modo
2159 1552 2417 1638 longius
2457 1554 2753 1636 permisit
2803 1570 2880 1615 se

539 1656 689 1724 duci
730 1675 772 1720 a
812 1675 1008 1721 cruce
1072 1658 1188 1721 filii
1249 1657 1385 1741 sui,
1449 1674 1574 1720 nec
1629 1658 1871 1721 intrare
1933 1658 2262 1722 civitatem
2323 1659 2568 1743 voluit,
2635 1659 2879 1741 sciens,

540 1760 713 1844 quod
754 1764 822 1826 in
890 1769 1024 1825 tota
1073 1761 1486 1845 Jerosolyma
1545 1782 1675 1827 non
1719 1773 1859 1828 erat
1913 1783 2029 1847 pro
2074 1781 2155 1827 ea
2211 1764 2564 1848 hospitium
2616 1772 2882 1847 propter

538 1865 655 1931 filii
714 1867 818 1929 sui
879 1866 1330 1950 ignominittm,
1393 1884 1564 1950 quae
1620 1877 1802 1932 tanta
1864 1876 2041 1951 erat,
2128 1868 2301 1950 quod
2360 1872 2552 1933 etiam
2613 1878 2877 1932 matrem

540 1971 758 2035 cuncti
802 1971 1090 2054 recipere
1128 1971 1494 2038 horrebant.
1579 1970 1751 2035 Deci
1792 1991 1950 2056 ergo
1991 1991 2069 2036 se
2111 1971 2405 2057 permisit:
2465 1972 2551 2036 sd
2606 1973 2881 2038 domici-

540 2071 695 2142 lium
753 2095 883 2140 non
945 2075 1143 2160 longo
1200 2093 1241 2137 a
1284 2093 1512 2158 cruce,
1573 2085 1647 2139 ut
1689 2077 1987 2142 morienti
2050 2077 2181 2144 filio
2243 2087 2311 2143 et
2352 2079 2708 2163 exspiranti
2750 2097 2881 2142 non

543 2181 828 2263 deesset,
870 2179 990 2246 sed
1031 2181 1101 2243 in
1148 2181 1446 2248 omnibus
1488 2182 1594 2247 his
1627 2183 2059 2267 participaret,
2107 2192 2174 2246 et
2205 2184 2359 2268 quid
2415 2192 2570 2269 post
2608 2189 2880 2247 mortem

545 2285 628 2351 tle
671 2306 943 2371 corpore
991 2286 1108 2350 filii
1150 2294 1483 2371 ageretur,
1530 2287 1865 2351 videre-et
1905 2289 2079 2351 scire
2120 2287 2356 2373 voluit,
2418 2297 2492 2352 ut
2531 2289 2592 2352 si
2634 2286 2884 2371 abjice-

545 2403 756 2477 retur,
800 2394 971 2456 sicut
1010 2391 1278 2455 aliorum
1322 2392 1766 2465 damnatorum
1812 2405 2110 2479 corpora,
2161 2394 2373 2477 ipsum
2428 2393 2557 2458 sibi
2608 2391 2883 2475 tolleret,

543 2499 658 2564 vei
700 2500 760 2561 si
801 2497 1177 2581 sepulturae
1217 2495 1616 2582 traderetur,
1683 2498 2061 2584 sepulturae
2120 2493 2418 2582 adesset,
2490 2505 2560 2561 et
2597 2497 2886 2563 officinm

550 2603 758 2667 funeri
805 2601 1172 2686 exhiberet,
1216 2604 1389 2666 sicut
1429 2610 1494 2665 et
1539 2589 1725 2667 faciti
1802 2601 1972 2666 Nam
2017 2619 2164 2665 cum
2208 2602 2483 2666 vidisset
2523 2602 2777 2687 Joseph
2819 2610 2886 2666 et

547 2709 973 2775 Nicodemum
1043 2708 1126 2772 ad
1171 2707 1614 2792 sepeliendum
1680 2706 1878 2770 fllium
1930 2717 2225 2789 paratos,
2288 2709 2569 2772 accurrit
2615 2716 2684 2771 et
2740 2707 2887 2791 ipss

550 2815 878 2880 doloribus
944 2815 1227 2898 repieta,
1290 2823 1359 2878 et.
1419 2812 1794 2897 sepulturae
1846 2810 2060 2895 affuit,
2139 2821 2205 2875 et
2266 2812 2421 2876 inde
2486 2812 2752 2878 reducta
2814 2812 2883 2875 in

549 2920 939 2985 domicilium
983 2921 1124 3004 fluit,
1161 2936 1287 2983 nec
1327 2918 1586 3003 lonqus
1623 2917 1938 2981 secedere
1986 2916 2209 2981 voluit.
2273 2917 2421 2983 Hoc
2463 2917 2631 2981 enim
2674 2915 2888 2981 solent

549 3025 720 3089 oliae
762 3028 912 3109 piae
952 3034 1195 3088 matres
1238 3024 1379 3124 spis
1430 3025 1603 3088 natis
1648 3024 1821 3086 caris
1882 3023 2131 3105 facere,
2196 3023 2369 3107 quod
2430 3024 2493 3086 si
2552 3023 2888 3106 permitte-

407 3127 424 3170 ³
548 3137 797 3213 rentur,
878 3127 1184 3192 continue
1250 3135 1584 3192 manerent.
1629 3126 1712 3189 ad
1804 3124 1992 3204 (111
2019 3126 2128 3210 A)
2203 3127 2550 3211 sepulchra
2625 3145 2887 3191 suorum

548 3231 968 3314 dilectorum,
1029 3231 1300 3317 flentes,
1368 3236 1543 3298 sieut
1600 3233 1817 3296 Uaria
1877 3232 2305 3316 Magdalens,
2365 3251 2535 3317 quae
2575 3250 2617 3296 a
2656 3250 2891 3295 monu-

553 3344 772 3401 mento
813 3335 1087 3424 Lazari,
1139 3336 1360 3402 fratris
1419 3338 1558 3423 sui,
1598 3338 1719 3402 vix
1755 3338 1967 3420 potuit.
2025 3336 2260 3421 avelli,
2303 3345 2377 3402 ut
2431 3338 2706 3401 habetur
2761 3335 2889 3402 Jo-

551 3442 785 3506 hannis
823 3443 936 3504 xl.
984 3438 1245 3519 Quanto
1289 3443 1499 3526 magis
1536 3441 1910 3506 beatissima
1927 3442 2134 3525 Virgo
2156 3442 2387 3527 Maria,
2425 3460 2594 3526 quae
2632 3442 2890 3505 incom-

553 3545 922 3632 parabiliter
983 3546 1131 3630 plus
1174 3547 1402 3611 dilexit
1457 3548 1659 3613 filium
1727 3563 1952 3630 suum,
2010 3564 2203 3631 quam
2261 3547 2479 3629 eliqua
2532 3552 2741 3611 mater
2778 3545 2891 3609 vel

552 3651 799 3715 amiens
856 3662 1079 3735 posset
1139 3652 1410 3736 diligere
1474 3671 1665 3717 suum
1696 3671 1967 3721 carum.
2064 3651 2176 3715 Ad
2233 3652 2404 3717 hunc
2459 3671 2615 3736 ergo
2676 3651 2890 3718 locum

550 3765 703 3840 post
745 3760 1281 3823 resurrectionem
1340 3778 1526 3823 suam
1591 3756 1897 3840 Christus
1950 3758 2157 3841 primo
2213 3755 2518 3825 accessit.
2604 3758 2691 3820 Et
2733 3755 2893 3822 dien

553 3863 942 3928 Vincentius
998 3859 1247 3928 ordinis
1289 3864 1823 3932 Praedicator-um
1838 3908 1860 3949 ,
1925 3863 2100 3948 quod
2160 3870 2548 3947 resurgente
2615 3861 2892 3928 Domine

551 3969 887 4051 praemisit
928 3969 1230 4053 angelum
1265 3969 1633 4035 Gabrielem
1677 3970 1986 4034 nunciare
2026 3970 2213 4034 matri
2253 3967 2603 4032 adventum
2644 3966 2893 4051 glorio-

553 4073 797 4137 sissimi
868 4073 1018 4158 filii,
1086 4091 1216 4158 quo
1292 4075 1463 4141 facto
1533 4078 1755 4141 statim
1813 4074 2200 4159 supervenit
2271 4073 2480 4158 illius,
2542 4070 2894 4140 albissimis

552 4177 817 4242 indutus
857 4178 1190 4264 vestibus,
1250 4182 1434 4246 vultu
1477 4200 1713 4247 sereno
1727 4228 1748 4267 ,
1811 4180 2191 4265 spem‘osus,
2252 4178 2578 4263 gloriosus
2612 4185 2685 4244 et
2720 4191 2893 4260 gau-

551 4283 747 4368 dens,
792 4285 1200 4350 rutilantibus
1239 4287 1682 4373 cicatricibus,
1749 4296 1818 4350 et
1856 4295 2033 4352 totus
2074 4286 2360 4350 festivus
2398 4284 2699 4370 appu-ott
2740 4278 2895 4350 dul-
2926 4333 2935 4342 .

550 4391 813 4456 eissime
853 4409 994 4457 enm
1041 4392 1372 4477 salutans,
1437 4409 1799 4481 neuque
1856 4392 2113 4464 <lucens
2152 4408 2381 4458 omnes
2421 4391 2681 4474 beatos,
2722 4403 2891 4476 quos
