3242 5259
1551 262 1681 344 m

440 445 584 529 ejus
623 446 863 512 bibere.
947 443 1292 509 Praefatae
1354 453 1570 514 eoum
1612 439 1895 512 mend-st
1950 439 2389 530 Mamal'ucus,
2449 450 2563 532 qui
2614 465 2787 516 nova

440 551 554 616 illa
606 549 672 614 in
714 548 905 633 galea
960 549 1451 633 divulgaverat,
1520 547 1692 611 sedit
1751 550 1820 611 in
1863 551 2140 614 castello
2203 569 2353 615 cum
2406 563 2677 636 patrono
2720 563 2788 618 et

442 656 607 738 aliis,
637 663 702 717 et
749 663 981 719 contra
1020 655 1232 739 legem
1256 654 1653 718 machometi
1701 655 1805 717 sui
1846 655 2008 719 bibit
2051 657 2297 740 vinum,
2323 665 2392 719 et
2429 659 2784 724 inebriatus

442 761 597 843 fuit,
660 760 752 822 ita
807 759 983 844 quod
1035 758 1120 823 de
1181 757 1376 843 galea
1430 760 1498 823 in
1568 755 1827 823 barcam
1904 759 2302 825 descendere
2376 779 2782 848 nequaquam

442 871 695 947 poterat
746 873 1008 952 propter
1068 865 1489 949 vertiginem,
1535 872 1601 928 et
1645 865 1737 928 ita
1775 866 1844 929 in
1888 864 2083 949 galda
2121 869 2459 976 nobiseum
2499 886 2783 951 pernoc-

442 969 606 1054 tavit
645 968 756 1032 illa
797 970 1010 1036 bestia
1045 968 1404 1034 maledicta.

609 1071 856 1151 Quarta
897 1073 1003 1136 die
1043 1091 1192 1137 cum
1231 1074 1333 1138 sol
1393 1073 1697 1159 oriretur,
1752 1074 1978 1139 nescio
2045 1091 2133 1138 ex
2171 1092 2303 1158 qua
2364 1074 2784 1158 dispositione

439 1180 633 1263 aeris,
655 1196 865 1261 aquae
900 1177 1008 1240 vel
1046 1177 1506 1242 elementorum
1549 1177 1806 1262 accidit,
1833 1178 2007 1262 quod
2047 1180 2267 1263 pisces
2308 1182 2509 1244 maris
2548 1198 2785 1264 super-

443 1285 785 1366 natabant,
849 1292 915 1345 et
955 1301 1036 1346 se
1072 1283 1223 1366 plus
1285 1283 1477 1347 solito
1541 1282 1970 1348 ostendebant
2028 1287 2098 1347 in
2162 1284 2511 1368 superficie
2564 1288 2779 1350 maris.

441 1391 528 1452 Et
589 1389 680 1453 ibt
738 1386 1021 1451 vidimus
1093 1388 1430 1454 mirabiles
1505 1390 1747 1472 pisces.
1852 1386 2127 1467 Quidam
2190 1399 2376 1454 erant
2440 1392 2659 1474 magni
2717 1401 2783 1455 et

441 1495 726 1559 totaliter
767 1493 1021 1557 rotundi
1062 1495 1231 1557 sicut
1274 1513 1551 1557 vannus.
1600 1493 1877 1572 Quidam
1917 1493 2241 1557 habebant
2288 1498 2504 1580 capita
2547 1500 2783 1560 canina

443 1617 591 1663 cum
631 1600 894 1663 auribus
924 1599 1139 1682 longis
1178 1598 1710 1682 dependentibus,
1739 1608 1804 1661 et
1847 1597 2188 1681 delphinos
2225 1601 2462 1665 multos
2502 1601 2783 1666 vithus

443 1703 553 1767 illo
593 1723 815 1786 mane,
858 1714 923 1767 et
965 1704 1172 1788 magis
1214 1704 1557 1767 manifeste
1600 1721 1795 1787 quam
1851 1704 2051 1786 prius.
2135 1703 2338 1770 Porro
2392 1717 2541 1790 post
2581 1715 2784 1789 pran-

444 1809 616 1873 dium
657 1809 937 1872 vidimus
1002 1811 1352 1872 exercitum
1412 1819 1797 1873 armatorum
1853 1806 2366 1876 Sarracenorum
2411 1813 2780 1876 venientem

441 1916 509 1978 in
551 1915 739 1997 equis
783 1922 849 1977 et
892 1914 1115 1997 mulis,
1157 1915 1268 1996 qui
1310 1914 1377 1977 in
1420 1913 1607 1978 litore
1651 1925 1717 1978 et
1758 1914 1936 1978 circa
2001 1923 2214 1978 turres
2290 1915 2553 2000 Joppen
2610 1918 2781 1981 etin

445 2028 663 2082 monte
731 2018 1010 2082 fixerunt
1060 2020 1336 2082 tentoria
1359 2073 1370 2084 .
1392 2028 1457 2083 et
1499 2027 1845 2084 erexerunt
1884 2018 2308 2085 tabernacula
2369 2031 2595 2086 contra
2635 2037 2780 2092 nos,

442 2126 591 2190 Hoc
629 2144 773 2188 cum
835 2123 1155 2187 vidissent
1233 2125 1519 2207 patroni,
1595 2125 2073 2208 navigaverunt
2138 2125 2223 2188 ad
2286 2143 2402 2190 eos
2418 2173 2439 2212 ,
2477 2135 2781 2211 putantes

443 2231 793 2294 advenisse
856 2229 1223 2313 praefectos
1266 2237 1333 2292 et
1394 2228 1721 2292 dominos:
1781 2228 1902 2292 sed
1963 2248 2096 2293 non
2162 2239 2346 2293 erant
2409 2232 2533 2295 nisi
2602 2235 2783 2297 servi

443 2337 785 2420 praemissi
841 2334 925 2398 ad
986 2333 1113 2396 loci
1186 2336 1779 2417 praeparationem,
1857 2341 1926 2395 et
1984 2334 2054 2396 in
2115 2335 2467 2400 crastinum
2521 2338 2781 2401 venturi

444 2449 628 2504 erant
670 2440 910 2504 domini
956 2440 1188 2501 Mauri.
1275 2440 1438 2501 'l'oto
1482 2457 1638 2522 ergo
1682 2437 1789 2500 die
1845 2437 1958 2502 illo
2002 2441 2473 2503 concurrebant
2533 2460 2619 2506 ex
2658 2442 2784 2506 ad-

442 2563 638 2609 verso
679 2547 747 2607 in
787 2542 994 2626 litore,
1028 2553 1092 2606 et
1133 2541 1440 2606 sedentes
1482 2544 1549 2605 in
1593 2542 1785 2606 mulis
1827 2544 2149 2608 faciebant
2190 2544 2361 2608 inter
2402 2562 2480 2608 se
2514 2545 2783 2627 jocosas

441 2648 946 2731 congressiones
986 2664 1066 2711 ac
1109 2648 1170 2711 si
1211 2647 1453 2711 bellare
1492 2647 1756 2711 vellent.
1842 2645 2146 2714 Vidimus
2202 2649 2400 2712 etiam
2461 2665 2789 2716 cavernas

442 2763 511 2818 et
550 2753 898 2836 speluncas
939 2770 1135 2835 super
1176 2753 1330 2816 litus
1372 2752 1572 2816 maris
1613 2753 1681 2818 in
1725 2752 1896 2817 clivo
1935 2754 2195 2839 montis,
2239 2752 2320 2817 ad
2365 2770 2531 2839 quas
2573 2723 2784 2817 intru-

448 2858 644 2922 dendi
691 2876 983 2941 eramus,
1049 2868 1114 2921 et
1153 2858 1556 2922 Sarracenos
1616 2857 1897 2921 vidimus
1941 2867 2075 2923 toto
2117 2859 2229 2923 illo
2273 2857 2380 2922 die
2420 2857 2675 2943 ingredi
2719 2867 2786 2923 et

442 2961 666 3047 egredi
687 2963 1011 3045 continue,
1028 2972 1093 3026 et
1127 2964 1534 3045 mirabamur,
1558 2962 1712 3047 quid
1736 2961 2086 3030 facerent
2066 2984 2134 3028 ιιι
2165 2964 2459 3029 obscuris
2489 2964 2787 3047 hospitiis

444 3067 699 3131 nostris.
787 3064 926 3131 Sed
973 3068 1125 3153 quid
1170 3068 1425 3152 egerint
1473 3070 1537 3132 in
1582 3068 1915 3152 speluncis
1977 3089 2102 3135 nec
2143 3071 2461 3154 suspicari
2527 3068 2785 3154 quidem

440 3180 830 3257 poteramus,
873 3172 1085 3237 donec
1128 3191 1275 3237 cum
1319 3174 1617 3238 molestia
1660 3176 1911 3238 narium
1956 3176 2211 3259 experti
2251 3192 2510 3240 sumus:
2558 3173 2788 3238 faeda-

441 3287 675 3344 verunt
708 3281 879 3342 enim
920 3279 1132 3343 locum
1173 3281 1361 3343 urina
1401 3289 1469 3342 et
1502 3280 1935 3363 stercoribus,
1979 3288 2051 3342 ut
2092 3281 2357 3363 patebit.

609 3381 852 3460 Quinta
891 3383 996 3448 die
1052 3403 1244 3447 mane
1300 3386 1613 3450 confluxit
1675 3403 1916 3469 magna
1974 3389 2363 3448 armatorum
2425 3382 2792 3467 mult-itudo,

438 3496 513 3551 ut
553 3489 912 3570 operiretur
951 3489 1330 3571 superficies
1361 3499 1593 3573 terrae,
1629 3499 1697 3552 et
1737 3490 2131 3553 mirabantur
2171 3489 2441 3571 patroni-
2462 3497 2529 3551 et
2562 3505 2787 3553 omnes

439 3590 738 3676 galeatae
780 3601 845 3654 et
887 3594 1245 3677 marinarii,
1311 3594 1467 3677 quid
1507 3595 1634 3657 sibi
1674 3593 1877 3658 vellet
1925 3602 2104 3656 tanta
2166 3579 2504 3656 multitudo
2547 3592 2788 3676 populi,

441 3706 508 3763 et
549 3698 1127 3781 conturbabantur,
1203 3697 1357 3780 quia
1412 3716 1742 3782 nunquam
1808 3715 1955 3761 cum
2007 3705 2187 3760 tanta
2253 3699 2547 3781 potentia
2609 3699 2789 3779 prius

441 3820 560 3866 eos
599 3801 896 3866 viderant
939 3801 1100 3885 (¹74
1120 3801 1228 3885 A)
1271 3803 1528 3886 venire,
1570 3811 1638 3865 et
1674 3803 1985 3866 timebant
2027 3800 2202 3888 quod
2244 3801 2489 3868 malum
2529 3798 2791 3887 aliquod

442 3916 621 3972 emet
663 3907 850 3971 nobis
893 3916 1204 3990 paratum.
1293 3907 1458 3971 Tres
1501 3906 1674 3972 enim
1728 3914 2029 3990 potentes
2084 3908 2410 3990 capitanei
2475 3903 2793 3993 praetecti

441 4029 592 4075 cum
634 4013 777 4075 suis
820 4013 1085 4076 armatis
1127 4012 1554 4095 personaliter
1603 4010 1901 4076 aderant:
1946 4012 2232 4076 scilicet:
2289 4013 2657 4097 praefectus
2709 4011 2794 4075 de

443 4116 835 4201 Jerusalem,
874 4126 942 4181 et
983 4111 1356 4200 praefectus
1392 4118 1718 4202 Gazarae,
1761 4127 1829 4182 et
1868 4118 2245 4202 praefectus
2289 4118 2372 4181 de
2410 4117 2639 4181 Rama.
2682 4114 2795 4179 Ad

443 4221 566 4285 hos
607 4223 1082 4306 navigaverunt
1144 4224 1400 4306 patroni
1441 4241 1591 4289 cum
1634 4223 1776 4287 suis
1816 4224 2190 4289 muneribus
2210 4269 2229 4308 ,
2294 4222 2528 4309 quibus
2570 4231 2686 4284 ebs
2725 4219 2794 4282 ῐιι

447 4345 670 4392 eorum
725 4326 1133 4394 affectionem
1204 4327 1467 4397 flectere
1533 4329 1935 4395 conabantur
1954 4372 1975 4414 ,
2060 4331 2288 4413 eisque
2343 4325 2793 4389 salutationem
