3242 5259
1636 277 1767 342 2⁰0

530 462 928 541 percusserit
988 464 1057 521 te
1145 457 1214 520 in
1282 477 1478 524 unam
1554 457 1917 542 maxillam,
1989 456 2227 539 praebe
2307 456 2369 519 ei
2430 462 2501 519 et
2570 457 2872 539 dmum,

532 563 698 629 Cum
762 572 982 628 antem
1065 560 1204 644 jam
1267 580 1419 630 ¹sere
1485 563 1730 630 factum
1813 563 2032 643 esset,
2097 568 2167 628 et
2248 551 2585 628 tenebra*
2617 569 2876 646 essent,

531 671 713 733 venit
757 666 1018 752 quidam
1062 674 1133 730 et
1173 668 1363 731 stetit
1401 669 1472 732 in
1513 667 1750 731 ostiolo
1791 666 2165 751 speluncae,
2210 685 2443 752 meque
2483 687 2569 732 ex
2617 670 2877 733 nomine

530 778 820 858 vocavit,
852 776 954 838 sic
1008 772 1332 838 clamans:
1377 772 1636 837 demitte
1697 773 1886 842 Felix
1926 772 2307 856 egredimini
2338 772 2536 837 foras.
2583 774 2879 838 'sentitus

531 887 754 944 autem
796 877 1140 963 respondi,
1200 896 1308 940 me
1348 878 1440 941 ibi
1490 878 1560 942 in
1613 878 1757 943 loco
1817 879 2060 961 quietis
2122 895 2307 960 esse,
2376 897 2500 942 nec
2555 877 2757 946 veae?
2771 896 2876 939 me

511 986 744 1068 ,exire3
803 983 887 1050 ad
935 982 1108 1067 quod
1151 999 1382 1066 rogare
1424 1002 1529 1046 me
1566 983 1815 1066 coepit,
1858 982 2121 1046 dicemz
2195 1000 2498 1065 magnam
2538 984 2875 1046 imminere

532 1093 1022 1155 necessitatem.
1105 1088 1304 1153 Exivi
1346 1105 1506 1171 ergo
1555 1087 1637 1152 ad
1682 1107 1863 1171 eum,
1902 1097 1977 1151 et
2018 1095 2161 1152 erat
2201 1088 2461 1171 quidem
2505 1087 2874 1164 barcala-us

531 1203 798 1264 nostrae
832 1191 1064 1277 galeae
1077 1237 1101 1274 ,
1139 1191 1382 1256 missus
1421 1210 1464 1254 a
1503 1192 1781 1278 quodam
1796 1238 1819 1277 ,
1870 1195 1981 1276 qui
2019 1196 2087 1258 in
2127 1194 2321 1278 galea
2368 1194 2767 1286 constitutus
2802 1195 2873 1254 in

532 1321 745 1394 agone
787 1300 1016 1366 mortis
1091 1317 1210 1381 pro
1281 1316 1386 1360 me
1428 1298 1773 1382 clamavit,
1835 1307 1910 1362 ut
1953 1299 2109 1362 mibi
2160 1298 2597 1363 confiteretur.
2680 1283 2875 1361 Licet

533 1416 751 1472 autem
795 1405 1190 1472 invitissimo
1243 1402 1330 1468 ad
1385 1403 1641 1487 galeam
1707 1411 2107 1487 reverterer,
2142 1411 2391 1474 ,tamen
2454 1422 2543 1468 ne
2593 1403 2872 1468 animam

535 1514 757 1580 fratris
800 1510 1230 1594 negligerem,
1272 1510 1340 1572 in
1376 1507 1670 1574 tenebris
1693 1508 1793 1581 ,ad
1834 1526 2012 1572 mare
2053 1508 2399 1590 descendi,
2440 1515 2512 1571 et
2566 1508 2637 1570 in
2676 1507 2874 1584 barca

533 1638 651 1703 per
692 1615 1000 1700 scopulos
1041 1613 1632 1697 periculosissimos
1672 1615 1743 1678 in
1782 1614 2037 1698 galeam
2080 1615 2425 1698 navigavi,
2487 1631 2656 1697 qnae
2703 1630 2873 1697 pene

533 1726 633 1786 ita
676 1728 926 1785 remota
966 1722 1188 1782 stabat
1228 1718 1372 1802 (B)
1415 1738 1458 1782 a
1496 1719 1719 1806 litore,
1758 1721 1935 1785 sicut
1984 1719 2320 1803 Sellingen
2362 1721 2444 1783 ab
2487 1718 2695 1782 Ulma-
2758 1719 2874 1788 ,Ει

535 1829 758 1890 statim
804 1824 1124 1888 infirmum
1162 1823 1342 1886 illum
1386 1825 1726 1908 expedivi,
1770 1834 1842 1888 et
1882 1825 2193 1889 lectulum
2263 1827 2477 1888 meum
2516 1823 2600 1887 de
2640 1824 2879 1896 cumba·
2940 1907 2967 1916 ἱ

537 1950 685 2014 mea
737 1948 994 1994 sursum
1054 1929 1344 2012 portavi,
1407 1937 1475 1991 et
1515 1930 1757 1994 in'nno
1815 1937 2134 2013 transtro,
2200 1929 2286 1993 de
2346 1949 2475 2014 quo
2527 1929 2682 1993 mihi
2730 1938 2874 1992 erat

537 2043 849 2119 aspectus
891 2033 976 2098 ad
1020 2033 1211 2117 litus,
1255 2036 1505 2118 quievi,
1556 2043 1631 2098 ut
1670 2036 1738 2099 in
1790 2051 1984 2120 casn,
2050 2054 2178 2120 quo
2220 2036 2545 2119 peregrini
2588 2034 2672 2099 de
2712 2052 2872 2117 spe-

535 2141 733 2206 lunca
803 2141 1234 2206 educerentur
1310 2137 1393 2203 ad
1472 2158 1804 2205 recessum
1819 2182 1844 2223 ‚
1923 2148 2168 2207 motum
2246 2142 2574 2220 exereitus
2640 2138 2867 2204 videre

535 2264 820 2334 possem.
930 2246 1036 2313 Ex
1097 2248 1457 2309 remotione
1528 2248 1702 2310 enim
1776 2246 2183 2311 lucernarum
2263 2246 2622 2310 ardentium
2678 2245 2873 2328 juxta

535 2354 826 2436 tentoria
863 2351 1262 2416 dominorum
1292 2352 1667 2415 Maurorum
1712 2355 2072 2435 potuissem
2115 2354 2598 2436 peregrinorum
2643 2366 2872 2414 reces-

532 2475 678 2522 sum
721 2459 1115 2540 percepisse.
1157 2454 1331 2518 Nam
1366 2455 1559 2539 Juxta
1583 2456 1921 2539 quodlibet
1969 2459 2318 2522 tentorium
2361 2456 2732 2540 pendebant
2778 2454 2873 2522 Vl

535 2560 845 2624 ardentes
888 2560 1196 2627 lucernae
1235 2564 1302 2625 iu
1346 2562 1501 2627 altis
1539 2564 1877 2646 stipitibus
1919 2571 2186 2648 propter
2238 2565 2546 2626 bonorem
2588 2561 2870 2625 Macho-

537 2666 731 2747 meti,
773 2672 843 2729 et
885 2664 1283 2732 dominorum
1325 2669 1417 2732 ibi
1460 2668 1909 2731 dormientium
1965 2670 2438 2758 reverentiam,
2498 2675 2571 2731 et
2607 2672 2873 2750 propter

533 2770 755 2855 populi
771 2772 1298 2837 consolationem.
1346 2773 1533 2836 Haec
1553 2791 1678 2856 ego
1698 2772 1837 2837 vidi
1855 2772 1940 2837 de
1958 2775 2139 2857 mari,
2161 2781 2230 2837 et
2242 2792 2547 2858 magnum
2569 2787 2874 2853 compas-

539 2878 789 2940 sionem
831 2896 977 2941 cum
1000 2878 1305 2942 Dominis
1346 2885 1417 2942 et
1452 2877 1766 2944 fratribus
1792 2879 1955 2944 meis
1994 2882 2359 2964 peregrinis
2392 2877 2610 2959 habui,
2644 2877 2757 2959 qui
2798 2876 2868 2936 in

537 2981 849 3065 spelunca
862 2981 1191 3065 squalida,
1234 2990 1304 3046 et
1327 2982 2012 3065 tenebrosajacebaut,
2039 2992 2109 3046 et
2138 2986 2313 3047 omni
2344 2984 2581 3047 solatio
2608 2980 2869 3044 luminis

540 3089 871 3167 carebant,
897 3094 966 3149 et
1006 3087 1101 3152 illi
1123 3104 1322 3154 canes
1343 3086 1690 3151 sarraceni
1733 3088 2173 3152 illustratione
2192 3091 2460 3171 copiosa
2474 3086 2865 3170 gaudebant.

703 3188 1001 3274 Septima
1067 3191 1174 3256 die
1233 3199 1387 3254 ante
1448 3191 1610 3255 solis
1674 3200 1885 3257 ortum
1960 3192 2270 3258 descendi
2334 3195 2402 3256 in
2444 3195 2740 3272 barcam,
2802 3194 2872 3250 et

538 3311 657 3378 per
697 3295 1054 3362 stridentes
1074 3316 1280 3381 aquas
1322 3300 1494 3361 inter
1519 3314 1714 3380 rupes
1743 3295 1828 3362 ad
1869 3298 2026 3362 litus
2064 3301 2351 3364 remeavi
2386 3300 2690 3382 festinus,
2714 3294 2876 3379 quia

540 3402 792 3484 putavi,
827 3418 948 3486 nos
987 3402 1164 3468 illico
1207 3421 1600 3466 recessuros.
1646 3402 1783 3467 Sed
1824 3405 1977 3489 quia
2015 3409 2274 3488 patroni
2297 3397 2513 3470 nostri
2532 3399 2873 3478 discordes

541 3512 762 3590 erant,
802 3505 949 3571 ideo
993 3506 1238 3573 diutius
1279 3507 1744 3573 detinebamur.
1826 3510 2177 3575 Discordia
2216 3529 2377 3574 vero
2415 3509 2527 3573 illa
2567 3504 2874 3584 Venonis

533 3591 820 3696 ⁸incepit,
860 3612 1167 3677 videlicet
1221 3613 1330 3677 fol.
1384 3614 1493 3680 33.
1519 3659 1540 3696 ‚
1600 3623 1667 3677 et
1709 3633 1920 3701 usque
1961 3617 2091 3684 huc
2130 3616 2410 3684 duravit.
2496 3612 2874 3677 Conobatnr

541 3735 700 3800 ergo
736 3717 1011 3801 quilibet
1051 3736 1210 3782 suos
1251 3721 1634 3803 peregrinos
1674 3741 1794 3805 per
1841 3731 2080 3787 terram
2110 3729 2407 3786 sanctam
2448 3720 2690 3786 ducere
2729 3718 2874 3780 sine

542 3819 815 3883 alterius
855 3824 1113 3903 patroni
1154 3825 1519 3907 peregrinis
1535 3869 1556 3907 ,
1620 3833 1692 3889 et
1732 3828 2045 3891 volebant
2103 3827 2268 3891 duos
2320 3821 2709 3902 societates,
2760 3819 2869 3882 vel

541 3919 706 3986 duas
747 3933 1090 4006 separatas
1128 3934 1378 3991 turmas
1419 3928 1673 4012 facere,
1716 3949 1884 4013 quae
1925 3951 2050 3996 nec
2106 3932 2333 3995 eodem
2374 3939 2701 4010 tempore,
2744 3937 2869 3985 ¹100

540 4029 610 4088 in
653 4025 899 4090 eisdem
935 4027 1099 4092 locis
1137 4032 1581 4099 convenirent.
1668 4034 1813 4098 Nos
1853 4055 2013 4100 vero
2051 4054 2279 4100 omnes
2320 4035 2674 4119 petivimus
2710 4028 2868 4092 daei

539 4129 733 4193 simul
784 4137 853 4193 et
917 4133 1123 4196 semel
1192 4138 1316 4200 snb
1401 4137 1641 4208 eadem.
1705 4140 2046 4224 pactione,
2109 4139 2282 4223 qued
2328 4146 2420 4203 .et
2480 4134 2868 4199 ΒΜ

538 4232 785 4319 placuit
826 4236 895 4301 in
961 4243 1246 4325 tantum,
1307 4240 1485 4324 qnod
1518 4242 1695 4307 nullo
1751 4242 1940 4307 modo
1999 4243 2309 4307 volebant
2362 4259 2486 4306 nos
2541 4238 2746 4306 dividi
2785 4235 2868 4310 ab

541 4340 854 4423 invicem,
909 4357 1025 4424 pro
1074 4360 1208 4427 qna
1262 4353 1482 4410 tamen
1531 4346 1858 4412 divisione
1926 4351 2113 4414 ambo
2180 4349 2439 4432 patroni
2494 4349 2872 4412 constanter
