3242 5259
1474 232 1606 300 34³

371 432 642 499 magne,
687 424 755 478 et
794 421 1161 498 aperturam
1209 409 1544 498 rotundam
1587 412 1872 496 faciunt,
1922 431 2052 504 per
2087 430 2281 498 quam
2340 412 2559 476 lumen
2599 431 2720 496 per

372 529 581 588 totum
641 518 953 603 tenplu-
1009 517 1375 600 spargitur,
1440 525 1508 579 et
1569 516 1812 582 directe
1853 519 1974 581 sub
2019 521 2167 602 ipsa
2227 525 2529 601 apertura
2584 524 2721 582 stat

374 629 860 690 monumentum
895 621 1132 686 domini
1175 621 1536 705 «positum
1581 622 1746 686 coeli
1791 623 2342 707 impressionibus.
2408 623 2495 688 Ut
2537 631 2722 706 patet

375 748 578 813 supra
622 728 734 792 (οἱ.
783 723 922 793 327.
972 726 1055 789 Α.
1121 728 1317 809 Ipsae
1359 734 1571 790 autem
1613 729 1830 792 trabes
1873 736 1940 793 et
1983 746 2245 793 asseres
2296 726 2373 791 ab
2413 726 2722 792 exteriori

376 843 563 918 parte
603 851 840 900 versus
897 830 1148 894 coelum
1207 839 1361 893 sunt
1423 831 1686 914 plumbo
1749 821 1944 916 te'cti,
2011 834 2285 896 interius
2343 849 2504 895 vero
2563 842 2723 898 sunt.
2764 869 2768 873 Δ

377 936 619 1020 depicti
660 935 1005 1019 coloribus,
1045 935 1329 1018 parietes
1369 954 1529 998 vero
1572 938 1695 1000 sub
1737 945 1909 1001 tecto
1950 945 2018 1001 et
2056 939 2178 1001 sub
2218 951 2412 999 arcus
2448 944 2605 1000 sunt
2639 936 2723 1001 de

375 1059 578 1123 opere
621 1041 946 1125 musaico,
991 1040 1231 1123 depicti
1274 1058 1419 1104 cum
1463 1040 1692 1124 figuris
1733 1043 1887 1108 novi
1931 1041 2319 1123 testamenti,
2361 1040 2481 1104 sed
2521 1060 2723 1124 prop-

376 1152 477 1207 ter
536 1152 927 1207 vetustatem
988 1146 1157 1228 perit
1220 1143 1333 1207 illa
1400 1146 1870 1227 pretiosissima
1930 1146 2174 1231 figura,
2247 1164 2378 1214 uec
2445 1154 2551 1208 est
2605 1147 2719 1231 qui

376 1247 746 1313 decidentia
809 1243 1122 1312 renovet.‘
1194 1249 1323 1313 Per
1383 1251 1723 1316 circuitum
1790 1251 1966 1316 illius
2022 1252 2345 1317 ecclesiae
2408 1249 2723 1318 rotundae

371 1364 529 1418 sunt
579 1353 822 1417 multae
866 1353 1193 1438 capellae,
1237 1363 1308 1417 ut
1346 1357 1550 1437 patuit
1585 1357 1657 1419 iu·
1696 1359 2151 1439 processione:
2191 1360 2268 1421 lu
2316 1355 2465 1438 ejus
2509 1354 2723 1420 medio

378 1468 484 1522 est
524 1468 1007 1522 monumentum
1073 1457 1479 1523 dominicum.
1564 1459 1672 1523 Ad
1718 1462 2028 1524 orientem
2101 1461 2245 1544 ejus
2304 1468 2411 1524 est
2481 1461 2721 1526 chorus

379 1582 654 1647 maguus
697 1573 764 1627 et
817 1562 1121 1647 pulcher,
1196 1553 1278 1626 ad
1322 1582 1515 1649 quem
1574 1564 1819 1628 directe
1886 1566 2153 1650 respicit
2218 1567 2455 1630 ostium
2509 1566 2723 1650 sancti

379 1670 738 1753 sepulchri,
803 1678 866 1730 et
910 1676 1043 1729 stat
1086 1665 1330 1731 ostium'
1368 1675 1599 1730 contra
1654 1670 1913 1733 ostium.
2000 1673 2077 1733 In
2119 1670 2332 1735 medio
2397 1670 2578 1734 chori
2619 1679 2724 1734 est

380 1775 746 1839 rotunditas
789 1789 1023 1854 magna
1051 1777 1120 1834 et
1159 1770 1311 1854 alta,
1346 1790 1602 1836 sursum
1636 1783 1957 1838 camerata
1992 1784 2060 1837 et
2096 1774 2491 1866 testudinata
2525 1791 2724 1857 supra

381 1879 629 1964 locum,
671 1877 783 1941 nbi
826 1885 933 1939 est
976 1876 1197 1940 muudi
1239 1877 1551 1963 medium,
1616 1882 1684 1941 iu
1728 1878 1916 1962 cujus
1979 1882 2354 1943 summitate
2402 1878 2489 1943 ad
2534 1887 2722 1944 extra

380 1994 484 2050 est
528 1971 882 2066 ascensus,
949 1982 1056 2045 ubi
1115 1981 1375 2047 videtur
1412 1984 1479 2046 iu
1522 1986 1924 2068 experientia
1983 1986 2071 2048 ibi
2115 2003 2270 2049 esse
2313 1983 2534 2048 mundi
2578 2002 2722 2048 me-

383 2091 576 2172 dium,
619 2096 693 2151 ut
734 2086 867 2151 dixi
907 2106 1104 2171 supra
1141 2089 1249 2151 fol.
1300 2088 1438 2154 11⁸7.
1482 2091 1556 2155 B.
1629 2088 1910 2153 Chorum
1952 2089 2132 2153 illum
2182 2088 2429 2154 Graeci
2474 2097 2719 2173 teuent,

383 2202 450 2257 et
479 2192 668 2276 juxta
711 2192 915 2255 altare
957 2200 1064 2254 est
1106 2191 1303 2256 sedes
1341 2193 1788 2278 patriarchalis
1834 2193 2223 2275 marmorea,
2269 2194 2343 2282 in·
2379 2171 2508 2278 (ina
2546 2194 2721 2257 anti·-

380 2299 718 2382 quissimis
777 2297 1012 2359 litteris
1073 2295 1294 2360 latinis
1346 2293 1456 2362 esf
1512 2301 1856 2383 scriptum:
1925 2275 2323 2361 Cmoffixui'n
2396 2300 2464 2360 in
2525 2316 2723 2361 carne

380 2402 677 2486 laudate,
731 2411 798 2467 et
849 2402 1173 2485 sepultum
1220 2410 1485 2487 propter
1536 2421 1658 2466 uos
1699 2401 2724 2487 glorificate,-resurgeutemque

381 2527 427 2571 a
469 2509 739 2572 mortuis
794 2506 1084 2571 adorate.
1190 2506 1406 2590 Super
1476 2506 1684 2571 locum
1741 2525 1935 2590 vero,
2001 2508 2113 2569 ubi
2165 2513 2327 2570 crux
2384 2508 2518 2571 fixa
2580 2508 2722 2591 fuit,

385 2612 704 2694 scriptum
748 2630 902 2675 esse
939 2612 1093 2676 dicit
1132 2612 1457 2696 Magister
1514 2614 1583 2674 in
1627 2611 1888 2694 Specul.
1935 2612 2082 2675 hist.
2128 2613 2257 2674 sic:
2305 2632 2343 2676 o
2386 2613 2624 2696 Theca,
2667 2614 2718 2676 i.

387 2717 674 2784 ansus,
718 2717 1021 2780 Basilevs
1064 2718 1242 2786 imon
1278 2718 1320 2788 i.
1366 2733 1422 2780 e.
1469 2735 1584 2780 rex
1630 2726 1866 2779 noster.
1917 2716 2044 2779 Pro
2088 2734 2356 2779 aeonon.
2403 2717 2443 2784 i.
2467 2736 2529 2782 e.
2574 2723 2726 2779 aine

388 2822 673 2886 saecula.
736 2822 1024 2904 Ergase,
1068 2824 1111 2886 i.
1162 2841 1219 2884 e.
1266 2830 1571 2905 operatus
1607 2828 1741 2904 est,
1789 2820 1959 2884 fecit.
2026 2820 2308 2902 Sophias
2350 2821 2390 2882 i.
2437 2841 2493 2884 e.
2539 2817 2724 2883 salu-

391 2934 544 2991 tem.
629 2928 734 2990 Eu
796 2943 978 2989 meso
1044 2926 1090 2992 i.
1154 2944 1212 2988 e.
1279 2927 1346 2988 in
1390 2926 1616 2990 medio.
1704 2926 2007 3009 'l'isgis,i.
2054 2945 2111 2988 e.
2150 2934 2379 2990 terrae.
2466 2929 2548 3020 ,¹¹¹
2596 2926 2724 2989 hac

394 3032 676 3122 ecclesia
716 3037 872 3095 sunt
925 3047 1125 3114 supra
1165 3039 1232 3094 et
1281 3031 1483 3114 infra,
1528 3040 1713 3094 extra
1757 3040 1822 3093 et
1869 3031 2071 3112 intra,
2136 3028 2376 3094 multae
2432 3015 2726 3112 capellae

388 3138 864 3222 prophanatae,
903 3136 972 3199 in
1011 3137 1248 3220 quibus
1290 3136 1441 3202 olim
1484 3134 1793 3199 ardebant
1850 3135 2218 3218 lampades,
2280 3139 2348 3196 et.
2390 3133 2727 3216 lingebant

387 3261 548 3306 auro
590 3241 819 3305 altaria
888 3249 955 3303 et
995 3241 1221 3305 vitreis
1286 3241 1613 3304 fenestris.
1702 3239 1837 3306 Sed
1899 3257 2071 3303 nuuc
2113 3239 2446 3323 lampades
2486 3238 2725 3320 nullae,

391 3347 624 3410 altaria
669 3345 910 3428 diruta,
977 3351 1044 3408 et
1103 3347 1435 3411 fenestrae
1486 3348 1861 3409 obstructae
1903 3354 1968 3408 et
1992 3333 2330 3429 'lapidibus
2366 3335 2723 3409 obturatae.

387 3452 604 3535 Major
647 3451 815 3513 euim
861 3469 1015 3535 pars
1059 3453 1484 3516 fenestrarum
1532 3451 1862 3515 obstructa
1904 3460 2007 3513 est
2032 3449 2373 3533 lapidibus,
2402 3457 2471 3514 et
2511 3435 2728 3512 omnia

389 3558 561 3622 ostia
602 3556 896 3619 obturata
937 3566 1090 3621 sunt
1130 3558 1345 3622 demto
1387 3577 1537 3640 uuo,
1589 3556 1776 3640 cujus
1821 3554 2044 3620 claves
2083 3541 2441 3622 Sarraceul'
2469 3551 2725 3634 habent,

389 3677 510 3746 per
569 3651 741 3745 quod
786 3670 887 3725 est
952 3664 1310 3747 ingressus.
1389 3661 1500 3725 Ad
1545 3661 2009 3725 occidentalem
2063 3669 2310 3743 partem
2354 3657 2726 3723 ascenditur

391 3786 512 3850 per
570 3766 816 3851 gradus
858 3765 943 3829 ad
985 3765 1305 3850 quoddam
1371 3768 1607 3830 ostitim
1672 3767 1925 3831 sortiter
1988 3763 2311 3848 clausum,
2373 3783 2503 3847 per-
2554 3760 2728 3848 qued

388 3872 606 3936 Maria
645 3872 1035 3955 aegyptiaca
1074 3874 1428 3934 conabatur
1470 3871 1756 3955 ingredi,
1804 3869 1921 3934 sed
1966 3870 2228 3952 rep'ulsa
2269 3869 2435 3952 fuit,
2479 3886 2729 3952 quous-

391 3994 521 4060 que
563 3995 639 4039 se
682 3976 1163 4042 emendaturam
1218 3976 1517 4059 devovit,
1560 3984 1635 4038 ut
1676 3984 1854 4059 patet
1910 3976 1974 4038 iu
2017 3975 2170 4039 vitis
2211 3981 2468 4058 patrum
2525 3974 2722 4036 clare.

393 4077 537 4162 (Β)
580 4063 858 4163 Propter
891 4081 1315 4144 fenestrarum
1348 4089 1412 4143 et
1446 4082 1752 4145 ostiorum
1797 4081 2265 4145 obturationem
2309 4086 2411 4142 est
2444 4076 2732 4141 ecclesia

394 4188 758 4267 tenebrosa,
803 4185 919 4248 sed
963 4188 1404 4270 pavimentum
1449 4187 1645 4249 totius
1689 4183 2010 4247 ecclesiae
2053 4195 2151 4248 est
2196 4182 2490 4267 aequale,
2534 4190 2604 4245 et
2645 4180 2728 4244 de

395 4285 593 4366 polito
657 4308 1001 4374 marmore,
1070 4293 1194 4376 ita,
1268 4290 1440 4375 quod
1496 4291 1689 4353 etiam
1732 4291 1798 4352 in
1845 4291 2130 4353 tenebris
2189 4288 2528 4350 ambulans
2601 4306 2732 4350 non
