3242 5259
283 520 609 578 venerunt
711 509 904 578 etiam
969 510 1170 596 aliqui
1253 509 1492 578 demini
1556 510 1640 575 de
1713 511 2077 594 Jerusalem
2091 557 2114 596 ‚
2190 514 2318 580 duo
2393 516 2643 580 scilicet

288 616 538 702 Calini,
601 611 807 698 major
867 625 942 681 et,
1008 620 1217 685 minor
1278 617 1797 701 Trutzelmanui,
1874 627 1940 681 et
1984 621 2375 687 venerabilis
2447 621 2644 686 Pater

291 720 732 787 Gwardianus
799 723 1037 786 montis
1082 722 1267 807 Syon
1317 740 1464 786 cum
1529 720 1783 786 duobus
1845 723 2183 809 fratribus,
2240 701 2314 789 et
2352 743 2501 794 cum
2543 726 2643 790 eis

289 828 486 912 aliqui
523 836 917 892 mercatores
960 828 1296 892 christiani
1337 826 1420 890 de
1462 827 1770 894 cinctura.

295 1061 413 1136 De
465 1083 772 1161 egressu
831 1063 1382 1165 peregrinorum
1445 1087 1547 1139 ex
1611 1063 1836 1163 galea
1885 1031 1965 1142 et
2029 1063 2322 1141 introitu
2392 1085 2641 1139 eorum

1071 1184 1145 1259 in
1193 1193 1463 1261 terram
1511 1194 1870 1266 sanctam.

454 1351 776 1434 Evagatio
819 1351 927 1415 diu
969 1351 1363 1426 desideranti
1402 1352 1616 1418 auimo
1662 1360 2048 1437 exspectata
2079 1350 2217 1435 jam
2244 1353 2382 1437 jam
2419 1353 2635 1417 instat.

290 1453 457 1520 Cum
502 1458 671 1520 enim
713 1457 968 1539 patroni
1025 1475 1172 1521 cum
1234 1459 1590 1543 praesectis
1647 1459 1846 1523 locuti
1905 1458 2184 1522 fuissent
2224 1467 2292 1524 et
2333 1460 2432 1523 eis
2492 1459 2642 1544 pla-

288 1561 568 1644 cuisset,
606 1570 678 1624 ut
717 1580 841 1626 nos
882 1561 967 1625 de
1003 1561 1197 1645 galea
1234 1564 1302 1626 in
1343 1572 1581 1627 terram
1627 1563 1961 1648 ducerent,
2007 1564 2349 1647 navigavit
2386 1564 2472 1627 ad
2516 1582 2645 1642 nos
2779 1571 2791 1585 ‘

288 1666 688 1729 venerabilis
727 1668 923 1732 Pater
963 1668 1241 1752 Paulus,
1283 1668 1583 1751 provisor
1624 1670 1949 1734 ecclesiae
2006 1670 2244 1756 latinae
2283 1670 2351 1734 in
2375 1667 2646 1736 Oriente

173 1762 184 1769 ”
291 1777 360 1832 et.
401 1767 839 1836 Gwardianus
883 1776 1119 1838 montis
1148 1773 1332 1856 Syon
1384 1791 1533 1837 cum
1573 1775 1714 1836 suis
1761 1775 2087 1861 fratribus,
2130 1782 2195 1837 et
2238 1790 2382 1837 oum
2407 1772 2673 1844 calino.

290 1873 542 1958 majori,
563 1874 951 1962 Sarraceuo‚
992 1881 1104 1964 qni
1138 1888 1275 1942 erat
1297 1881 1605 1961 magister
1650 1878 1996 1962 hospitalis
2032 1880 2100 1942 in
2140 1879 2529 1964 Jerusalem,
2575 1889 2643 1942 et

291 1979 722 2045 consederunt
786 2001 931 2046 cum
999 1992 1272 2067 patrono
1340 1993 1565 2048 nostro
1628 1984 1849 2068 puppi.
1962 1981 2361 2050 Convocatis
2422 1993 2641 2049 autem

290 2087 587 2150 omnibus
629 2081 842 2171 nobis‘,
886 2089 1129 2172 incepit
1165 2089 1364 2153 Pater
1389 2087 1763 2153 Gan-dianus
1778 2134 1800 2172 ,
1841 2089 1945 2151 vir
1981 2097 2292 2172 maturus,
2334 2090 2640 2166 barbatus

291 2198 358 2253 et
400 2189 668 2275 doctus,
745 2190 949 2257 latino
992 2212 1294 2258 sermone
1330 2211 1452 2256 nos
1495 2194 1776 2257 civiliter
1828 2201 1896 2255 et
1937 2203 2164 2258 ornate
2204 2193 2490 2259 salutare
2507 2239 2527 2276 ,
2571 2203 2641 2257 et

288 2295 697 2360 beneventos
741 2313 895 2359 esse
941 2296 1193 2382 dicere,
1235 2307 1303 2362 et
1355 2298 1733 2366 hortabatur
1792 2315 1914 2361 nos
1958 2297 2045 2360 ad
2088 2297 2530 2382 devotionem,
2576 2309 2644 2364 et

287 2398 370 2462 ad
408 2401 785 2483 patientiam
827 2410 895 2464 et
935 2403 1019 2466 ad
1062 2403 1634 2489 exemplaritatem,
1677 2412 1744 2466 et
1784 2403 2080 2486 promisit
2124 2403 2296 2486 quod
2340 2403 2406 2466 in
2430 2403 2642 2468 Rama

288 2506 552 2589 regulas
608 2508 940 2591 regiminis
996 2510 1202 2573 nostri
1241 2528 1360 2592 per
1400 2517 1638 2596 terram
1681 2516 1974 2571 sanctam
2017 2508 2189 2571 inter
2232 2507 2639 2574 Sarracenos

287 2611 492 2698 vellet
532 2613 721 2675 nobis
762 2612 1035 2676 tradere.
1136 2612 1254 2677 Sic
1294 2615 1489 2678 etiam
1533 2612 1831 2678 dontinus
1888 2608 2159 2676 eatinus
2215 2612 2651 2710 statuemus,-
2722 2677 2747 2688 ,,

290 2717 956 2781 'l'rutzschelmaunus
999 2725 1242 2801 noster,
1285 2737 1406 2783 nos
1448 2717 1807 2783 honorifice
1826 2716 2159 2799 salmavit,
2189 2725 2255 2780 et
2296 2718 2645 2806 prohibuit,
2704 2719 2711 2726 '

289 2839 378 2883 ne
417 2821 567 2905 quis
607 2839 804 2910 arma,
829 2822 1116 2906 gladium
1159 2832 1270 2886 aut
1311 2841 1531 2887 arcum
1572 2831 1797 2886 secum
1841 2821 1925 2885 de
1966 2822 2122 2886 navi
2149 2830 2494 2905 epol-taret,
2519 2819 2643 2887 sed
2722 2865 2731 2874 -

291 2926 577 2989 inermes
620 2929 793 2991 sicut
834 2929 1163 3011 peregrini
1199 2927 1645 3013 procederent.
1707 2927 1794 2989 Et
1834 2927 1941 2990 his
1988 2925 2182 2989 dictis
2224 2927 2421 2990 Pater
2462 2926 2643 2992 Gar-

292 3030 526 3095 dianus
569 3049 715 3096 eum
758 3034 898 3098 suis
939 3032 1247 3097 fratribus
1289 3042 1353 3096 et
1379 3030 1611 3096 Calino
1644 3011 1983 3096 deseendit
2018 3032 2087 3096 in
2113 3032 2375 3100 barcam
2417 3031 2645 3098 dicens

292 3136 482 3199 nobis
494 3182 518 3220 ‚
560 3145 630 3202 ut
672 3137 864 3202 citius
913 3156 1035 3203 nos
1078 3136 1536 3222 expediremus
1579 3147 1648 3201 et
1674 3117 2137 3222 sequeremur.
2225 3138 2384 3202 Erat
2428 3146 2645 3208 autem

292 3239 549 3322 prandii
589 3241 777 3325 hora,
822 3253 889 3307 et
929 3244 1183 3309 vocatis
1224 3243 1588 3326 peregrinis
1630 3241 1714 3306 ad
1756 3242 2097 3326 prandium
2141 3241 2545 3311 comunimus
2577 3253 2644 3307 et

292 3344 570 3408 bibimus
602 3361 750 3434 cum
781 3347 1179 3432 festinantia,
1210 3357 1285 3411 ut
1321 3348 1514 3411 citius
1544 3347 1614 3408 in
1648 3354 1886 3409 terram
1915 3355 2214 3412 sanctam
2249 3349 2665 3420 veniremus..

292 3449 433 3514 Sub
476 3450 815 3537 prandium
877 3462 1196 3518 venerunt
1238 3469 1465 3516 omnes
1524 3447 1824 3533 galeotae
1882 3451 2200 3515 officiales
2261 3470 2433 3534 unus
2497 3463 2644 3536 post

292 3554 528 3638 alium,
592 3563 660 3620 et
701 3556 786 3620 de
826 3559 1168 3641 peregrino
1219 3556 1303 3620 ad
1355 3556 1766 3640 peregrinum
1808 3571 1997 3636 cume.
2014 3558 2344 3639 argenteis
2403 3558 2647 3640 phialis

291 3661 720 3745 transierunt,
763 3673 1061 3745 petentes
1097 3661 1426 3726 curtusias
1440 3705 1462 3743 ,
1534 3677 1702 3744 quas
1745 3680 1867 3725 nos
1907 3661 2157 3725 bibales
2219 3662 2640 3728 nominamus.

287 3765 376 3828 Et
430 3761 722 3853 improba
781 3768 978 3832 valde
1040 3777 1180 3832 erat
1242 3784 1466 3829 eorum
1523 3764 1910 3848 postulatio,
1981 3776 2047 3829 et
2113 3766 2482 3862 quicunque
2548 3768 2645 3834 eis

290 3867 647 3953 denegavit
689 3870 960 3956 donum,
1002 3873 1177 3937 hunc
1214 3871 1520 3935 nolebant
1563 3869 1648 3932 de
1688 3868 1882 3953 galea
1931 3870 1999 3932 iu
2044 3871 2242 3933 barca
2283 3869 2366 3935 ad
2403 3879 2644 3936 terram

287 3971 559 4038 ducere.
643 3976 732 4042 Et
776 3977 898 4040 fnit
952 3996 1190 4062 magna
1244 3974 1621 4060 inquietudo
1676 3975 1747 4038 iu
1797 3977 1993 4059 navi,
2058 3983 2321 4058 propter
2381 3971 2646 4041 iuvere-

295 4078 576 4144 cuudam
622 4090 690 4144 et
723 4081 1077 4165 improbam
1121 4082 1371 4147 illorum
1414 4079 1810 4164 petitionem.
1884 4081 2159 4144 Peracto
2201 4069 2645 4164 illo‘jnquieto

296 4184 574 4266 prandio
636 4195 703 4249 et
765 4187 1000 4253 solutis
1035 4188 1365 4255 oui-tusus
1420 4185 1859 4269 disposuimus
1918 4179 2041 4249 nos
2101 4183 2183 4247 ad
2252 4185 2533 4272 exitum,
2581 4196 2647 4246 et

295 4290 673 4372 accepimus
715 4290 843 4356 duo
885 4293 1160 4357 vaseula
1199 4293 1337 4356 vini
1380 4300 1444 4354 et
1489 4290 1705 4378 saccis
1744 4291 2157 4372 immisimus,
2195 4308 2281 4353 ue
2299 4289 2643 4356 sumnam

293 4393 626 4479 viderent,
690 4398 845 4481 quia
912 4417 1042 4462 non
1104 4399 1432 4481 patiuntur
1499 4397 1720 4460 vinum
1804 4395 2158 4461 manifeste
2229 4396 2641 4461 circumduci.

2162 4493 2229 4553 ¹3
