3242 5259
576 533 923 602 devotione
961 528 1316 597 Christiani
1357 531 1708 599 orimtales
1749 540 1819 596 et
1858 526 2322 596 occidentales.
2408 526 2753 597 Sarraeeni
2798 548 2940 597 au-

575 649 714 705 tem
755 638 945 703 nobis
987 635 1359 702 invidentes
1412 636 1841 702 communiter
1913 634 2125 700 locum
2177 635 2573 699 stercoribus
2633 634 2935 720 foedant,

574 754 643 810 et
683 741 954 827 lapides,
997 759 1161 824 qnos
1202 742 1530 827 peregrini
1590 739 1807 804 solent
1846 736 2247 822 deosculari,
2292 738 2690 804 immunditie
2761 759 2934 823 per-

575 847 872 912 fundunt.
967 845 1054 909 Et
1096 849 1163 910 ln
1204 847 1317 910 illo
1360 831 1502 930 die,'
1532 842 1791 929 qnando
1833 843 1918 909 ad
1960 845 2177 909 locum
2194 844 2517 927 venimus,
2561 845 2933 928 reperimus

575 955 788 1038 ipsum
831 961 1129 1016 recenter
1169 953 1438 1035 turpiter
1478 947 1831 1018 foedatum.
1914 950 1991 1011 In
2060 966 2190 1034 qno
2260 950 2437 1013 facto
2497 965 2629 1014 non
2671 957 2933 1013 tantum

575 1057 958 1121 Sarracenis
1005 1055 1390 1119 facientibus
1430 1052 1750 1137 indignati
1790 1069 2019 1116 snmus
2032 1098 2055 1138 ‚
2115 1061 2423 1136 quantum
2465 1055 2535 1117 in
2576 1071 2699 1117 uos
2738 1054 2934 1136 ipsos

577 1158 997 1243 frontinianus,
1037 1161 1325 1225 scientes
1359 1178 1478 1244 per
1517 1166 1711 1243 retro,
1751 1157 1923 1242 quod
1963 1158 2382 1242 exigentibus
2422 1159 2714 1242 peccatis
2750 1177 2928 1223 nos-

576 1268 698 1331 tris
739 1267 864 1330 hoc
903 1265 1220 1330 Dominus
1259 1266 1592 1348 permittit,
1632 1274 1699 1327 et
1733 1262 1818 1326 ad
1867 1262 1996 1327 boc
2036 1262 2421 1328 Sarracoeis
2453 1264 2726 1347 instigat
2771 1263 2933 1327 forti

575 1371 827 1454 spiritu,
887 1378 962 1433 ut
1004 1370 1149 1436 loca
1187 1372 1607 1435 sanctissima
1668 1367 2179 1433 dehonestentur
2237 1369 2306 1433 in
2362 1366 2571 1432 oculis
2625 1367 2933 1451 peregri-

576 1489 804 1540 norum
855 1474 1168 1540 nobilium
1210 1483 1279 1539 et
1318 1474 1610 1558 militum,
1652 1480 1730 1537 nt
1771 1481 1839 1536 et
1873 1479 1975 1537 sle
1995 1480 2378 1538 moveantur
2415 1470 2500 1534 ad
2529 1489 2935 1535 succurren-

580 1579 736 1645 dum
779 1588 990 1645 terrae
1026 1589 1317 1663 sanctae,
1346 1588 1414 1643 et
1452 1578 1537 1642 ad
1557 1576 2018 1642 vindicandum
2042 1577 2347 1641 malitiam
2370 1584 2593 1640 tantae
2628 1576 2933 1660 injuriae,

577 1694 645 1749 et
684 1685 767 1749 ad
810 1685 1156 1750 zelandum
1179 1684 1324 1749 loca
1363 1683 1780 1749 redemtionis
1805 1681 2013 1766 (uo
2035 1681 2142 1758 A)
2172 1690 2452 1745 nostrae.
2498 1678 2689 1760 Quod
2707 1689 2934 1745 autem

581 1787 770 1854 Dens
819 1788 1220 1866 Sarracenos
1265 1787 1348 1851 ad
1386 1789 1513 1852 hoc
1552 1790 1825 1873 instiget
1863 1787 2179 1851 instinctu
2218 1786 2393 1869 forti,
2434 1794 2618 1869 patet
2672 1804 2756 1849 ex
2820 1804 2934 1869 eo,

576 1892 747 1978 quod
791 1894 976 1957 locus
1016 1894 1129 1957 ille
1170 1902 1278 1956 est
1317 1894 1479 1956 satis
1521 1891 1719 1975 louge
1758 1893 1842 1955 ab
1883 1891 2275 1973 hominibus,
2322 1897 2392 1953 et
2431 1899 2683 1974 oportet
2743 1900 2933 1955 ster-

577 2015 731 2061 cora
771 1996 1047 2062 collecta
1091 1997 1175 2061 de
1213 1995 1761 2079 civitate'portari
1806 1998 1875 2059 iu
1903 2015 2120 2081 urceo,
2161 1996 2270 2061 vel
2295 1995 2376 2059 de
2417 1995 2651 2079 supino
2682 1997 2929 2060 montis

583 2101 828 2167 Oliveti
854 2147 874 2186 ,
917 2103 1029 2167 ubi
1068 2102 1265 2164 etiam
1306 2108 1462 2164 sunt
1492 2101 1949 2184 habitationes,
1978 2111 2047 2165 et
2085 2100 2478 2164 industriose
2520 2098 2666 2163 loca
2731 2101 2930 2163 nobis

580 2207 1054 2272 venerabiliora
1085 2205 1255 2270 liniri
1275 2205 1718 2288 immunditiis,
1744 2225 1935 2288 qnam
1977 2203 2365 2269 immundam
2413 2207 2733 2269 actionem
2773 2204 2932 2268 nnl-

584 2311 690 2375 lus
732 2312 1002 2396 faceret,
1043 2311 1173 2375 nisi
1223 2308 1469 2374 fortiter
1510 2312 1862 2395 instigatus
1905 2311 2031 2375 alio
2071 2311 2325 2394 spiritu,
2373 2328 2564 2393 qnam
2620 2311 2929 2375 humano.

586 2416 723 2481 Sed
764 2425 834 2481 et
880 2418 1005 2482 hoc
1047 2411 1283 2480 bonum
1323 2417 1393 2478 iu
1432 2415 1546 2480 illo
1592 2417 1766 2482 facto
1810 2419 1981 2501 turpi
2025 2423 2324 2499 apparet,
2384 2414 2556 2499 qnod
2606 2414 2928 2498 judicant,

585 2540 709 2585 nos
754 2521 887 2585 illis
927 2519 1093 2595 locis
1131 2521 1399 2585 multum
1445 2519 1719 2586 affectos
1760 2531 1827 2585 et
1861 2541 1978 2604 per
2020 2537 2432 2604 consequens
2456 2519 2657 2583 fortes
2688 2520 2928 2584 Chris-

586 2625 833 2710 tianos,
879 2632 950 2688 et
982 2625 1158 2689 .dum
1207 2625 1434 2689 vident
1453 2672 1474 2709 ‚
1530 2643 1651 2689 nos
1703 2645 1833 2689 non
1892 2626 2298 2690 obstantibus
2352 2625 2928 2689 stercoratiouibns

588 2730 904 2796 honorare
946 2740 1012 2793 et
1055 2729 1419 2796 deosculari
1455 2731 1600 2794 loca
1647 2738 1896 2810 sancta,
1931 2732 2057 2793 etsi
2091 2748 2222 2794 nou
2247 2728 2686 2811 aedificantur,
2710 2738 2927 2793 tamen

589 2823 1103 2904 confunduntur.
1186 2835 1295 2900 Ad
1338 2835 1551 2901 locum
1596 2854 1754 2920 ergo
1807 2835 1985 2898 illum
2028 2834 2427 2898 accessimus
2441 2878 2464 2916 ,
2506 2842 2575 2897 et
2627 2835 2930 2897 vestibus

589 2941 786 3004 tersis
827 2940 1247 3006 immunditiis
1317 2939 1528 3004 locum
1572 2938 1872 3003 devotius
1915 2939 2272 3004 deosculati
2312 2956 2540 3003 snmus
2560 2984 2581 3022 ‚
2638 2947 2702 3002 et
2756 2955 2930 3021 qna-

594 3042 740 3107 dam
795 3047 1247 3129 compassione
1308 3045 1393 3109 ad
1447 3044 1753 3128 majorem
1794 3045 2103 3127 pietatem
2173 3055 2240 3107 et
2285 3045 2715 3107 reverentiam
2770 3043 2929 3106 moti

592 3161 847 3231 sumus,
917 3158 1404 3233 prosternentes
1472 3168 1595 3213 nos
1680 3148 1764 3212 ad
1815 3148 2254 3213 immunditias
2326 3155 2590 3230 propter
2641 3145 2928 3210 locorum

593 3260 969 3316 sanctornm
1003 3253 1400 3337 dignitatem,
1450 3261 1518 3316 et
1571 3253 2108 3337 indulgentiarum
2165 3253 2287 3335 st)
2349 3251 2925 3336 participationem.

593 3353 779 3419 Sicut
829 3355 977 3440 quis
1017 3356 1268 3420 videret
1323 3358 1777 3422 eucharistiam
1830 3361 1900 3422 in
1943 3359 2076 3422 luto
2110 3357 2354 3439 jacere,
2398 3374 2549 3419 mox
2613 3357 2681 3418 in
2720 3355 2926 3419 lutum

591 3458 873 3544 caderet,
914 3479 1040 3525 nec
1065 3479 1142 3525 se
1163 3461 1486 3546 deturpari
1515 3472 1793 3547 curaret,
1817 3459 2160 3528 dnmmodo
2194 3461 2658 3525 irreverentiae
2697 3477 2929 3527 saera-

592 3567 797 3631 menti
838 3567 1147 3632 obvenire
1186 3575 1438 3652 posset.

593 3809 866 3906 Locus,
915 3814 1037 3890 nbi
1085 3813 1354 3891 Petrus
1395 3814 1748 3892 abscidit
1791 3814 2180 3893 auriculam
2231 3810 2528 3891 Malcho
2604 3836 2929 3912 nequam.

754 3993 919 4058 Inde
961 4007 1439 4080 consequenter
1481 3998 1923 4080 processimus
1964 4015 2191 4081 parum
2234 3997 2406 4060 infra
2445 3994 2529 4058 ad
2570 3992 2744 4057 latus
2786 4009 2929 4056 ma-

591 4100 804 4163 ceriae
844 4100 1012 4163 horti
1052 4100 1242 4164 illins.
1330 4099 1582 4185 Lapide
1617 4100 1917 4185 signatus
1959 4111 2064 4165 est
2105 4102 2194 4165 ibi
2248 4100 2453 4183 locus,
2490 4100 2603 4163 nbi
2655 4097 2727 4162 S.
2793 4096 2931 4161 Pe-

591 4212 729 4267 trns
770 4204 975 4287 stetit,
1017 4212 1087 4268 et
1127 4205 1361 4269 videns
1401 4203 1736 4269 Malchum
1781 4203 2104 4291 quendam
2161 4209 2524 4270 ministrum
2585 4202 2933 4268 durissima

588 4309 778 4393 alapa
820 4309 1050 4372 faciem
1090 4308 1351 4372 Domini
1392 4291 1770 4374 caedentem
1812 4312 2057 4375 exarsit
2131 4311 2277 4374 zelo
2297 4356 2320 4394 ,
2373 4319 2442 4374 et
2485 4315 2929 4375 occurrentem

583 4414 916 4480 Malchum
957 4414 1140 4499 petiit
1179 4412 1416 4498 gladio,
1460 4414 1691 4479 volens
1733 4416 1858 4479 sibi
1901 4414 2193 4480 dividere
2259 4425 2474 4500 capnt.
2544 4411 2690 4493 Quo
2732 4413 2931 4478 ictum
