<?xml version="1.0" encoding="UTF-8"?>
<!DOCTYPE html PUBLIC "-//W3C//DTD XHTML 1.0 Transitional//EN"
    "http://www.w3.org/TR/xhtml1/DTD/xhtml1-transitional.dtd">
<html xmlns="http://www.w3.org/1999/xhtml" xml:lang="en" lang="en">
 <head>
  <title>
</title>
<meta http-equiv="Content-Type" content="text/html;charset=utf-8" />
  <meta name='ocr-system' content='tesseract 3.04.00' />
  <meta name='ocr-capabilities' content='ocr_page ocr_carea ocr_par ocr_line ocrx_word'/>
</head>
<body>
  <div class='ocr_page' id='page_1' title='image "./fratrisfelicisf00unkngoog_0361.png"; bbox 0 0 3242 5259; ppageno 0'>
   <div class='ocr_carea' id='block_1_1' title="bbox 290 557 2629 757">
    <p class='ocr_par' dir='ltr' id='par_1_1' title="bbox 290 557 2629 757">
     <span class='ocr_line' id='line_1_1' title="bbox 291 557 2629 655; baseline -0.002 -16"><span class='ocrx_word' id='word_1_1' title='bbox 291 575 374 639; x_wconf 76' lang='lat' dir='ltr'>m</span> <span class='ocrx_word' id='word_1_2' title='bbox 418 573 503 638; x_wconf 87' lang='lat' dir='ltr'>de</span> <span class='ocrx_word' id='word_1_3' title='bbox 541 557 647 636; x_wconf 72' lang='lat' dir='ltr'>hi&#39;s</span> <span class='ocrx_word' id='word_1_4' title='bbox 673 588 915 655; x_wconf 86' lang='lat' dir='ltr'>quaere</span> <span class='ocrx_word' id='word_1_5' title='bbox 955 571 1297 631; x_wconf 81' lang='lat' dir='ltr'>veritatem</span> <span class='ocrx_word' id='word_1_6' title='bbox 1340 568 1730 632; x_wconf 71' lang='lat' dir='ltr'>luculentam</span> <span class='ocrx_word' id='word_1_7' title='bbox 1775 567 2054 632; x_wconf 55' lang='lat' dir='ltr'>fotam.</span> <span class='ocrx_word' id='word_1_8' title='bbox 2090 567 2186 651; x_wconf 74' lang='grc'>8.,</span> <span class='ocrx_word' id='word_1_9' title='bbox 2227 570 2335 634; x_wconf 90' lang='lat' dir='ltr'>ubi</span> <span class='ocrx_word' id='word_1_10' title='bbox 2359 570 2629 635; x_wconf 82' lang='lat' dir='ltr'>babetur</span> 
     </span>
     <span class='ocr_line' id='line_1_2' title="bbox 290 673 1733 757; baseline -0.005 -15"><span class='ocrx_word' id='word_1_11' title='bbox 290 683 500 746; x_wconf 71' lang='lat' dir='ltr'>etiam</span> <span class='ocrx_word' id='word_1_12' title='bbox 531 676 715 740; x_wconf 76' lang='lat' dir='ltr'>locus</span> <span class='ocrx_word' id='word_1_13' title='bbox 757 673 1197 738; x_wconf 83' lang='lat' dir='ltr'>crucifixionis</span> <span class='ocrx_word' id='word_1_14' title='bbox 1239 684 1302 737; x_wconf 88' lang='lat' dir='ltr'>et</span> <span class='ocrx_word' id='word_1_15' title='bbox 1343 674 1733 757; x_wconf 80' lang='lat' dir='ltr'>sepulturae.</span> 
     </span>
    </p>
   </div>
   <div class='ocr_carea' id='block_1_2' title="bbox 292 835 2630 1048">
    <p class='ocr_par' dir='ltr' id='par_1_2' title="bbox 292 835 2630 1048">
     <span class='ocr_line' id='line_1_3' title="bbox 292 835 2630 962; baseline -0.002 -42"><span class='ocrx_word' id='word_1_16' title='bbox 292 845 524 936; x_wconf 79' lang='lat' dir='ltr'>Quam</span> <span class='ocrx_word' id='word_1_17' title='bbox 586 840 980 962; x_wconf 85' lang='lat' dir='ltr'>gloriosum</span> <span class='ocrx_word' id='word_1_18' title='bbox 1055 838 1224 913; x_wconf 85' lang='lat' dir='ltr'>olim</span> <span class='ocrx_word' id='word_1_19' title='bbox 1279 838 1502 914; x_wconf 87' lang='lat' dir='ltr'>suerit</span> <span class='ocrx_word' id='word_1_20' title='bbox 1527 837 1918 944; x_wconf 83' lang='lat' dir='ltr'>templum</span> <span class='ocrx_word' id='word_1_21' title='bbox 1988 835 2073 913; x_wconf 81' lang='lat' dir='ltr'>S.</span> <span class='ocrx_word' id='word_1_22' title='bbox 2117 837 2505 940; x_wconf 79' lang='lat' dir='ltr'><strong>sepulchri,</strong></span> <span class='ocrx_word' id='word_1_23' title='bbox 2550 851 2630 918; x_wconf 87' lang='lat' dir='ltr'>et</span> 
     </span>
     <span class='ocr_line' id='line_1_4' title="bbox 693 931 2092 1048; baseline -0.003 -33"><span class='ocrx_word' id='word_1_24' title='bbox 693 1037 710 1048; x_wconf 25' lang='grc' dir='ltr'><strong><em>ο</em></strong></span> <span class='ocrx_word' id='word_1_25' title='bbox 807 939 905 1015; x_wconf 86' lang='lat' dir='ltr'>de</span> <span class='ocrx_word' id='word_1_26' title='bbox 954 936 1279 1036; x_wconf 83' lang='lat' dir='ltr'>reliquiis</span> <span class='ocrx_word' id='word_1_27' title='bbox 1329 940 1500 1037; x_wconf 86' lang='lat' dir='ltr'>ejus</span> <span class='ocrx_word' id='word_1_28' title='bbox 1549 951 1640 1011; x_wconf 83' lang='lat' dir='ltr'>ac</span> <span class='ocrx_word' id='word_1_29' title='bbox 1704 931 2092 1013; x_wconf 83' lang='lat' dir='ltr'>ornatibus.</span> 
     </span>
    </p>
   </div>
   <div class='ocr_carea' id='block_1_3' title="bbox 285 1115 2641 4458">
    <p class='ocr_par' dir='ltr' id='par_1_3' title="bbox 285 1115 2641 4458">
     <span class='ocr_line' id='line_1_5' title="bbox 461 1115 2628 1205; baseline -0.001 -15"><span class='ocrx_word' id='word_1_30' title='bbox 461 1121 827 1190; x_wconf 79' lang='lat' dir='ltr'>Gloriosum</span> <span class='ocrx_word' id='word_1_31' title='bbox 856 1115 1051 1181; x_wconf 87' lang='lat' dir='ltr'>valde</span> <span class='ocrx_word' id='word_1_32' title='bbox 1071 1116 1190 1184; x_wconf 80' lang='lat' dir='ltr'>fuit</span> <span class='ocrx_word' id='word_1_33' title='bbox 1211 1117 1338 1181; x_wconf 90' lang='lat' dir='ltr'>hoc</span> <span class='ocrx_word' id='word_1_34' title='bbox 1378 1117 1683 1200; x_wconf 89' lang='lat' dir='ltr'>templum</span> <span class='ocrx_word' id='word_1_35' title='bbox 1727 1119 1877 1182; x_wconf 90' lang='lat' dir='ltr'>olim</span> <span class='ocrx_word' id='word_1_36' title='bbox 1904 1129 2228 1186; x_wconf 73' lang='lat' dir='ltr'>structura</span> <span class='ocrx_word' id='word_1_37' title='bbox 2270 1129 2335 1186; x_wconf 88' lang='lat' dir='ltr'>et</span> <span class='ocrx_word' id='word_1_38' title='bbox 2357 1121 2628 1205; x_wconf 81' lang='lat' dir='ltr'>cultura,</span> 
     </span>
     <span class='ocr_line' id='line_1_6' title="bbox 291 1224 2630 1313; baseline 0 -21"><span class='ocrx_word' id='word_1_39' title='bbox 291 1237 358 1292; x_wconf 88' lang='lat' dir='ltr'>et</span> <span class='ocrx_word' id='word_1_40' title='bbox 388 1246 518 1291; x_wconf 89' lang='lat' dir='ltr'>non</span> <span class='ocrx_word' id='word_1_41' title='bbox 562 1227 768 1290; x_wconf 89' lang='lat' dir='ltr'>solum</span> <span class='ocrx_word' id='word_1_42' title='bbox 814 1232 1106 1286; x_wconf 89' lang='lat' dir='ltr'>sanctum</span> <span class='ocrx_word' id='word_1_43' title='bbox 1175 1231 1440 1305; x_wconf 88' lang='lat' dir='ltr'>propter</span> <span class='ocrx_word' id='word_1_44' title='bbox 1501 1233 1735 1288; x_wconf 82' lang='lat' dir='ltr'>sancta</span> <span class='ocrx_word' id='word_1_45' title='bbox 1797 1224 1943 1288; x_wconf 90' lang='lat' dir='ltr'>loca</span> <span class='ocrx_word' id='word_1_46' title='bbox 2012 1227 2078 1289; x_wconf 92' lang='lat' dir='ltr'>in</span> <span class='ocrx_word' id='word_1_47' title='bbox 2143 1247 2221 1290; x_wconf 91' lang='lat' dir='ltr'>eo</span> <span class='ocrx_word' id='word_1_48' title='bbox 2302 1228 2630 1313; x_wconf 78' lang='lat' dir='ltr'>conclusa,</span> 
     </span>
     <span class='ocr_line' id='line_1_7' title="bbox 293 1311 2630 1418; baseline 0 -22"><span class='ocrx_word' id='word_1_49' title='bbox 293 1331 415 1397; x_wconf 83' lang='lat' dir='ltr'>sed</span> <span class='ocrx_word' id='word_1_50' title='bbox 478 1340 741 1418; x_wconf 89' lang='lat' dir='ltr'>propter</span> <span class='ocrx_word' id='word_1_51' title='bbox 814 1311 1120 1410; x_wconf 70' lang='lat' dir='ltr'>reliquias</span> <span class='ocrx_word' id='word_1_52' title='bbox 1176 1328 1681 1410; x_wconf 89' lang='lat' dir='ltr'>pretiosissimas</span> <span class='ocrx_word' id='word_1_53' title='bbox 1755 1315 1821 1392; x_wconf 81' lang='lat' dir='ltr'>in</span> <span class='ocrx_word' id='word_1_54' title='bbox 1901 1349 1978 1393; x_wconf 92' lang='lat' dir='ltr'>eo</span> <span class='ocrx_word' id='word_1_55' title='bbox 2030 1339 2426 1398; x_wconf 76' lang='lat' dir='ltr'>reservatas.</span> <span class='ocrx_word' id='word_1_56' title='bbox 2531 1334 2630 1396; x_wconf 91' lang='lat' dir='ltr'>Ibi</span> 
     </span>
     <span class='ocr_line' id='line_1_8' title="bbox 291 1432 2632 1520; baseline 0 -19"><span class='ocrx_word' id='word_1_57' title='bbox 291 1437 441 1501; x_wconf 87' lang='lat' dir='ltr'>olim</span> <span class='ocrx_word' id='word_1_58' title='bbox 486 1443 625 1500; x_wconf 86' lang='lat' dir='ltr'>erat</span> <span class='ocrx_word' id='word_1_59' title='bbox 664 1432 1085 1498; x_wconf 80' lang='lat' dir='ltr'>reconditas.</span> <span class='ocrx_word' id='word_1_60' title='bbox 1129 1451 1313 1518; x_wconf 83' lang='lat' dir='ltr'>crux,</span> <span class='ocrx_word' id='word_1_61' title='bbox 1354 1441 1425 1496; x_wconf 91' lang='lat' dir='ltr'>ut</span> <span class='ocrx_word' id='word_1_62' title='bbox 1465 1439 1651 1520; x_wconf 74' lang='lat' dir='ltr'>patet</span> <span class='ocrx_word' id='word_1_63' title='bbox 1696 1451 1895 1517; x_wconf 87' lang='lat' dir='ltr'>supra</span> <span class='ocrx_word' id='word_1_64' title='bbox 1934 1436 2045 1500; x_wconf 78' lang='lat' dir='ltr'>fol.</span> <span class='ocrx_word' id='word_1_65' title='bbox 2101 1437 2217 1504; x_wconf 82' lang='lat'>111</span> <span class='ocrx_word' id='word_1_66' title='bbox 2263 1436 2369 1520; x_wconf 64' lang='lat' dir='ltr'>A„</span> <span class='ocrx_word' id='word_1_67' title='bbox 2417 1446 2483 1501; x_wconf 87' lang='lat' dir='ltr'>et</span> <span class='ocrx_word' id='word_1_68' title='bbox 2504 1437 2632 1502; x_wconf 89' lang='lat' dir='ltr'>alia</span> 
     </span>
     <span class='ocr_line' id='line_1_9' title="bbox 288 1536 2632 1627; baseline 0 -22"><span class='ocrx_word' id='word_1_69' title='bbox 288 1541 576 1625; x_wconf 81' lang='lat' dir='ltr'>insignia</span> <span class='ocrx_word' id='word_1_70' title='bbox 613 1540 942 1623; x_wconf 71' lang='lat' dir='ltr'>passionis</span> <span class='ocrx_word' id='word_1_71' title='bbox 984 1536 1229 1602; x_wconf 78' lang='lat' dir='ltr'>Christi</span> <span class='ocrx_word' id='word_1_72' title='bbox 1288 1557 1404 1620; x_wconf 85' lang='lat' dir='ltr'>per</span> <span class='ocrx_word' id='word_1_73' title='bbox 1455 1547 1749 1602; x_wconf 85' lang='lat' dir='ltr'>sanctam</span> <span class='ocrx_word' id='word_1_74' title='bbox 1812 1539 2132 1603; x_wconf 84' lang='lat' dir='ltr'>Helenam</span> <span class='ocrx_word' id='word_1_75' title='bbox 2177 1550 2450 1627; x_wconf 81' lang='lat' dir='ltr'>reperta.</span> <span class='ocrx_word' id='word_1_76' title='bbox 2531 1542 2632 1606; x_wconf 90' lang='lat' dir='ltr'>Ibi</span> 
     </span>
     <span class='ocr_line' id='line_1_10' title="bbox 285 1641 2632 1730; baseline -0.001 -19"><span class='ocrx_word' id='word_1_77' title='bbox 285 1645 757 1711; x_wconf 77' lang='lat' dir='ltr'>ostendebatur</span> <span class='ocrx_word' id='word_1_78' title='bbox 796 1651 1044 1730; x_wconf 45' lang='lat' dir='ltr'>catena·</span> <span class='ocrx_word' id='word_1_79' title='bbox 1069 1641 1385 1726; x_wconf 86' lang='lat' dir='ltr'>quaedam</span> <span class='ocrx_word' id='word_1_80' title='bbox 1435 1662 1708 1726; x_wconf 83' lang='lat' dir='ltr'>magna,</span> <span class='ocrx_word' id='word_1_81' title='bbox 1764 1659 1933 1728; x_wconf 89' lang='lat' dir='ltr'>quae</span> <span class='ocrx_word' id='word_1_82' title='bbox 1995 1644 2271 1708; x_wconf 91' lang='lat' dir='ltr'>Domino</span> <span class='ocrx_word' id='word_1_83' title='bbox 2336 1646 2503 1712; x_wconf 85' lang='lat' dir='ltr'>Jesu</span> <span class='ocrx_word' id='word_1_84' title='bbox 2563 1647 2632 1710; x_wconf 88' lang='lat' dir='ltr'>in</span> 
     </span>
     <span class='ocr_line' id='line_1_11' title="bbox 287 1729 2633 1836; baseline 0 -22"><span class='ocrx_word' id='word_1_85' title='bbox 287 1751 501 1833; x_wconf 82' lang='lat' dir='ltr'>horto,</span> <span class='ocrx_word' id='word_1_86' title='bbox 540 1748 689 1811; x_wconf 88' lang='lat' dir='ltr'>dum</span> <span class='ocrx_word' id='word_1_87' title='bbox 733 1756 1093 1836; x_wconf 42' lang='lat' dir='ltr'>cap-eretur,</span> <span class='ocrx_word' id='word_1_88' title='bbox 1136 1745 1218 1808; x_wconf 86' lang='lat' dir='ltr'>ad</span> <span class='ocrx_word' id='word_1_89' title='bbox 1262 1747 1496 1810; x_wconf 89' lang='lat' dir='ltr'>collum</span> <span class='ocrx_word' id='word_1_90' title='bbox 1542 1748 1659 1810; x_wconf 83' lang='lat' dir='ltr'>fuit</span> <span class='ocrx_word' id='word_1_91' title='bbox 1702 1729 1937 1830; x_wconf 65' lang='lat' dir='ltr'>posita,</span> <span class='ocrx_word' id='word_1_92' title='bbox 1978 1758 2041 1812; x_wconf 93' lang='lat' dir='ltr'>et</span> <span class='ocrx_word' id='word_1_93' title='bbox 2083 1752 2445 1836; x_wconf 68' lang='lat' dir='ltr'>peregrinis</span> <span class='ocrx_word' id='word_1_94' title='bbox 2508 1751 2633 1814; x_wconf 87' lang='lat' dir='ltr'>ad-</span> 
     </span>
     <span class='ocr_line' id='line_1_12' title="bbox 292 1833 2633 1936; baseline 0.001 -19"><span class='ocrx_word' id='word_1_95' title='bbox 292 1854 707 1917; x_wconf 84' lang='lat' dir='ltr'>venientibus</span> <span class='ocrx_word' id='word_1_96' title='bbox 777 1833 982 1912; x_wconf 65' lang='lat' dir='ltr'>etiam&#39;</span> <span class='ocrx_word' id='word_1_97' title='bbox 1029 1849 1385 1933; x_wconf 88' lang='lat' dir='ltr'>ponebatur</span> <span class='ocrx_word' id='word_1_98' title='bbox 1447 1851 1529 1914; x_wconf 89' lang='lat' dir='ltr'>ad</span> <span class='ocrx_word' id='word_1_99' title='bbox 1602 1849 1891 1936; x_wconf 85' lang='lat' dir='ltr'>colluln‚-</span> <span class='ocrx_word' id='word_1_100' title='bbox 1925 1861 1996 1918; x_wconf 84' lang='lat' dir='ltr'>et</span> <span class='ocrx_word' id='word_1_101' title='bbox 2052 1854 2291 1918; x_wconf 80' lang='lat' dir='ltr'>multae</span> <span class='ocrx_word' id='word_1_102' title='bbox 2358 1857 2633 1920; x_wconf 85' lang='lat' dir='ltr'>virtutes</span> 
     </span>
     <span class='ocr_line' id='line_1_13' title="bbox 291 1945 2632 2046; baseline -0 -22"><span class='ocrx_word' id='word_1_103' title='bbox 291 1960 530 2024; x_wconf 82' lang='lat' dir='ltr'>fiebant</span> <span class='ocrx_word' id='word_1_104' title='bbox 570 1978 687 2042; x_wconf 89' lang='lat' dir='ltr'>per</span> <span class='ocrx_word' id='word_1_105' title='bbox 728 1975 890 2019; x_wconf 89' lang='lat' dir='ltr'>eam.</span> <span class='ocrx_word' id='word_1_106' title='bbox 973 1957 1072 2022; x_wconf 87' lang='lat' dir='ltr'>lbi</span> <span class='ocrx_word' id='word_1_107' title='bbox 1096 1945 1286 2017; x_wconf 86' lang='lat' dir='ltr'>et&#39;iam</span> <span class='ocrx_word' id='word_1_108' title='bbox 1333 1955 1690 2020; x_wconf 83' lang='lat' dir='ltr'>habebatur</span> <span class='ocrx_word' id='word_1_109' title='bbox 1733 1959 1905 2046; x_wconf 51' lang='lat' dir='ltr'>calin</span> <span class='ocrx_word' id='word_1_110' title='bbox 1945 1969 2295 2042; x_wconf 81' lang='lat' dir='ltr'>argenteus</span> <span class='ocrx_word' id='word_1_111' title='bbox 2338 1979 2632 2045; x_wconf 81' lang='lat' dir='ltr'>magnus,</span> 
     </span>
     <span class='ocr_line' id='line_1_14' title="bbox 293 2047 2634 2149; baseline 0.001 -22"><span class='ocrx_word' id='word_1_112' title='bbox 293 2064 375 2127; x_wconf 88' lang='lat' dir='ltr'>de</span> <span class='ocrx_word' id='word_1_113' title='bbox 419 2082 544 2147; x_wconf 90' lang='lat' dir='ltr'>quo</span> <span class='ocrx_word' id='word_1_114' title='bbox 566 2059 886 2125; x_wconf 84' lang='lat' dir='ltr'>Dominus</span> <span class='ocrx_word' id='word_1_115' title='bbox 925 2063 1122 2125; x_wconf 83' lang='lat' dir='ltr'>Jesus</span> <span class='ocrx_word' id='word_1_116' title='bbox 1165 2049 1232 2123; x_wconf 84' lang='lat' dir='ltr'>in</span> <span class='ocrx_word' id='word_1_117' title='bbox 1269 2059 1492 2124; x_wconf 88' lang='lat' dir='ltr'>ultima</span> <span class='ocrx_word' id='word_1_118' title='bbox 1536 2047 1759 2125; x_wconf 54' lang='lat' dir='ltr'>coena‘</span> <span class='ocrx_word' id='word_1_119' title='bbox 1787 2047 2297 2128; x_wconf 69' lang='lat' dir='ltr'>communicavit</span> <span class='ocrx_word' id='word_1_120' title='bbox 2334 2067 2634 2149; x_wconf 79' lang='lat' dir='ltr'>discipu-</span> 
     </span>
     <span class='ocr_line' id='line_1_15' title="bbox 295 2165 2630 2251; baseline 0.001 -20"><span class='ocrx_word' id='word_1_121' title='bbox 295 2168 414 2251; x_wconf 91' lang='lat' dir='ltr'>los,</span> <span class='ocrx_word' id='word_1_122' title='bbox 459 2167 540 2230; x_wconf 88' lang='lat' dir='ltr'>de</span> <span class='ocrx_word' id='word_1_123' title='bbox 584 2186 710 2250; x_wconf 92' lang='lat' dir='ltr'>quo</span> <span class='ocrx_word' id='word_1_124' title='bbox 757 2165 942 2228; x_wconf 85' lang='lat' dir='ltr'>dicit:</span> <span class='ocrx_word' id='word_1_125' title='bbox 1009 2165 1118 2228; x_wconf 90' lang='lat' dir='ltr'>hic</span> <span class='ocrx_word' id='word_1_126' title='bbox 1157 2165 1329 2228; x_wconf 85' lang='lat' dir='ltr'>calix</span> <span class='ocrx_word' id='word_1_127' title='bbox 1387 2185 1628 2234; x_wconf 84' lang='lat' dir='ltr'>novum</span> <span class='ocrx_word' id='word_1_128' title='bbox 1682 2174 2141 2234; x_wconf 81' lang='lat' dir='ltr'>testamentum</span> <span class='ocrx_word' id='word_1_129' title='bbox 2197 2171 2420 2232; x_wconf 79' lang='lat' dir='ltr'>est-in</span> <span class='ocrx_word' id='word_1_130' title='bbox 2488 2191 2630 2233; x_wconf 90' lang='lat' dir='ltr'>meo</span> 
     </span>
     <span class='ocr_line' id='line_1_16' title="bbox 295 2270 2632 2356; baseline 0.001 -22"><span class='ocrx_word' id='word_1_131' title='bbox 295 2272 639 2354; x_wconf 84' lang='lat' dir='ltr'>sauguine,</span> <span class='ocrx_word' id='word_1_132' title='bbox 693 2270 853 2332; x_wconf 84' lang='lat' dir='ltr'>Luc.</span> <span class='ocrx_word' id='word_1_133' title='bbox 909 2270 1199 2332; x_wconf 85' lang='grc' dir='ltr'>22.11ιί</span> <span class='ocrx_word' id='word_1_134' title='bbox 1272 2273 1467 2333; x_wconf 87' lang='lat' dir='ltr'>etiam</span> <span class='ocrx_word' id='word_1_135' title='bbox 1524 2281 1664 2334; x_wconf 88' lang='lat' dir='ltr'>erat</span> <span class='ocrx_word' id='word_1_136' title='bbox 1719 2271 1967 2354; x_wconf 85' lang='lat' dir='ltr'>pelvis,</span> <span class='ocrx_word' id='word_1_137' title='bbox 2019 2274 2084 2334; x_wconf 88' lang='lat' dir='ltr'>in</span> <span class='ocrx_word' id='word_1_138' title='bbox 2130 2289 2258 2356; x_wconf 81' lang='lat' dir='ltr'>qao</span> <span class='ocrx_word' id='word_1_139' title='bbox 2316 2273 2632 2342; x_wconf 76' lang='lat' dir='ltr'>Dominus</span> 
     </span>
     <span class='ocr_line' id='line_1_17' title="bbox 295 2373 2633 2460; baseline 0.001 -21"><span class='ocrx_word' id='word_1_140' title='bbox 295 2377 498 2439; x_wconf 86' lang='lat' dir='ltr'>Jesus</span> <span class='ocrx_word' id='word_1_141' title='bbox 540 2375 742 2460; x_wconf 85' lang='lat' dir='ltr'>pedes</span> <span class='ocrx_word' id='word_1_142' title='bbox 785 2391 1042 2436; x_wconf 90' lang='lat' dir='ltr'>suorum</span> <span class='ocrx_word' id='word_1_143' title='bbox 1107 2373 1563 2457; x_wconf 88' lang='lat' dir='ltr'>discipulorum</span> <span class='ocrx_word' id='word_1_144' title='bbox 1620 2376 1778 2438; x_wconf 85' lang='lat' dir='ltr'>lavit</span> <span class='ocrx_word' id='word_1_145' title='bbox 1819 2376 1885 2438; x_wconf 90' lang='lat' dir='ltr'>in</span> <span class='ocrx_word' id='word_1_146' title='bbox 1949 2375 2173 2440; x_wconf 71' lang='lat' dir='ltr'>ultima</span> <span class='ocrx_word' id='word_1_147' title='bbox 2231 2395 2450 2441; x_wconf 80' lang='lat' dir='ltr'>coena.</span> <span class='ocrx_word' id='word_1_148' title='bbox 2560 2381 2633 2442; x_wconf 86' lang='lat' dir='ltr'>In</span> 
     </span>
     <span class='ocr_line' id='line_1_18' title="bbox 293 2478 2636 2564; baseline 0.001 -20"><span class='ocrx_word' id='word_1_149' title='bbox 293 2481 417 2544; x_wconf 88' lang='lat' dir='ltr'>hac</span> <span class='ocrx_word' id='word_1_150' title='bbox 459 2479 739 2543; x_wconf 85' lang='lat' dir='ltr'>ecclesia</span> <span class='ocrx_word' id='word_1_151' title='bbox 782 2478 896 2541; x_wconf 82' lang='lat' dir='ltr'>fuit</span> <span class='ocrx_word' id='word_1_152' title='bbox 922 2478 1074 2541; x_wconf 82' lang='lat' dir='ltr'>illud</span> <span class='ocrx_word' id='word_1_153' title='bbox 1098 2479 1638 2561; x_wconf 85' lang='lat' dir='ltr'>pretiosissimum</span> <span class='ocrx_word' id='word_1_154' title='bbox 1682 2480 2033 2564; x_wconf 82' lang='lat' dir='ltr'>sudarium,</span> <span class='ocrx_word' id='word_1_155' title='bbox 2065 2480 2235 2564; x_wconf 82' lang='lat' dir='ltr'>quod</span> <span class='ocrx_word' id='word_1_156' title='bbox 2257 2479 2636 2547; x_wconf 71' lang='lat' dir='ltr'>beatissima</span> 
     </span>
     <span class='ocr_line' id='line_1_19' title="bbox 292 2584 2633 2669; baseline 0.001 -21"><span class='ocrx_word' id='word_1_157' title='bbox 292 2587 480 2669; x_wconf 82' lang='lat' dir='ltr'>virgo</span> <span class='ocrx_word' id='word_1_158' title='bbox 518 2585 728 2647; x_wconf 83' lang='lat' dir='ltr'>Maria</span> <span class='ocrx_word' id='word_1_159' title='bbox 770 2584 1240 2666; x_wconf 74' lang='lat' dir='ltr'>circumligavit</span> <span class='ocrx_word' id='word_1_160' title='bbox 1284 2585 1481 2667; x_wconf 86' lang='lat' dir='ltr'>capiti</span> <span class='ocrx_word' id='word_1_161' title='bbox 1523 2585 1782 2648; x_wconf 85' lang='lat' dir='ltr'>Domini</span> <span class='ocrx_word' id='word_1_162' title='bbox 1824 2586 2035 2668; x_wconf 84' lang='lat' dir='ltr'>Jesu,</span> <span class='ocrx_word' id='word_1_163' title='bbox 2097 2603 2243 2649; x_wconf 91' lang='lat' dir='ltr'>cum</span> <span class='ocrx_word' id='word_1_164' title='bbox 2318 2587 2401 2651; x_wconf 85' lang='lat' dir='ltr'>de</span> <span class='ocrx_word' id='word_1_165' title='bbox 2440 2605 2633 2658; x_wconf 81' lang='lat' dir='ltr'>cruce</span> 
     </span>
     <span class='ocr_line' id='line_1_20' title="bbox 296 2688 2635 2774; baseline 0.001 -20"><span class='ocrx_word' id='word_1_166' title='bbox 296 2689 742 2774; x_wconf 81' lang='lat' dir='ltr'>deponeretur,</span> <span class='ocrx_word' id='word_1_167' title='bbox 785 2699 856 2752; x_wconf 90' lang='lat' dir='ltr'>ut</span> <span class='ocrx_word' id='word_1_168' title='bbox 901 2688 1140 2752; x_wconf 88' lang='lat' dir='ltr'>dictum</span> <span class='ocrx_word' id='word_1_169' title='bbox 1207 2696 1311 2751; x_wconf 89' lang='lat' dir='ltr'>est</span> <span class='ocrx_word' id='word_1_170' title='bbox 1368 2706 1567 2772; x_wconf 90' lang='lat' dir='ltr'>supra</span> <span class='ocrx_word' id='word_1_171' title='bbox 1623 2691 1731 2756; x_wconf 83' lang='lat' dir='ltr'>fol.</span> <span class='ocrx_word' id='word_1_172' title='bbox 1782 2691 1923 2757; x_wconf 76' lang='lat'>11⁸7.</span> <span class='ocrx_word' id='word_1_173' title='bbox 2016 2691 2121 2754; x_wconf 90' lang='lat' dir='ltr'>De</span> <span class='ocrx_word' id='word_1_174' title='bbox 2185 2691 2312 2755; x_wconf 89' lang='lat' dir='ltr'>hoc</span> <span class='ocrx_word' id='word_1_175' title='bbox 2375 2692 2635 2760; x_wconf 83' lang='lat' dir='ltr'>sudario</span> 
     </span>
     <span class='ocr_line' id='line_1_21' title="bbox 294 2793 2635 2877; baseline 0.001 -19"><span class='ocrx_word' id='word_1_176' title='bbox 294 2794 575 2858; x_wconf 88' lang='lat' dir='ltr'>habetur</span> <span class='ocrx_word' id='word_1_177' title='bbox 614 2793 768 2862; x_wconf 82' lang='lat' dir='ltr'>Joh.</span> <span class='ocrx_word' id='word_1_178' title='bbox 811 2793 985 2876; x_wconf 62' lang='lat' dir='ltr'>XX„</span> <span class='ocrx_word' id='word_1_179' title='bbox 1029 2793 1200 2877; x_wconf 89' lang='lat' dir='ltr'>quod</span> <span class='ocrx_word' id='word_1_180' title='bbox 1240 2793 1478 2858; x_wconf 83' lang='lat' dir='ltr'>Petrus</span> <span class='ocrx_word' id='word_1_181' title='bbox 1520 2797 1769 2859; x_wconf 88' lang='lat' dir='ltr'>intrans</span> <span class='ocrx_word' id='word_1_182' title='bbox 1833 2800 1899 2859; x_wconf 91' lang='lat' dir='ltr'>in</span> <span class='ocrx_word' id='word_1_183' title='bbox 1944 2803 2425 2860; x_wconf 86' lang='lat' dir='ltr'>monumentum</span> <span class='ocrx_word' id='word_1_184' title='bbox 2470 2796 2635 2860; x_wconf 78' lang='lat' dir='ltr'>vidit</span> 
     </span>
     <span class='ocr_line' id='line_1_22' title="bbox 296 2899 2636 2985; baseline 0.002 -23"><span class='ocrx_word' id='word_1_185' title='bbox 296 2899 667 2962; x_wconf 81' lang='lat' dir='ltr'>linteamina</span> <span class='ocrx_word' id='word_1_186' title='bbox 713 2900 925 2982; x_wconf 83' lang='lat' dir='ltr'>posita</span> <span class='ocrx_word' id='word_1_187' title='bbox 970 2908 1032 2961; x_wconf 89' lang='lat' dir='ltr'>et</span> <span class='ocrx_word' id='word_1_188' title='bbox 1077 2899 1427 2983; x_wconf 85' lang='lat' dir='ltr'>sudarium,</span> <span class='ocrx_word' id='word_1_189' title='bbox 1470 2902 1645 2984; x_wconf 88' lang='lat' dir='ltr'>quod</span> <span class='ocrx_word' id='word_1_190' title='bbox 1702 2903 1911 2966; x_wconf 80' lang='lat' dir='ltr'>fuerat</span> <span class='ocrx_word' id='word_1_191' title='bbox 1963 2919 2162 2985; x_wconf 73' lang='lat' dir='ltr'>super</span> <span class='ocrx_word' id='word_1_192' title='bbox 2216 2909 2414 2985; x_wconf 83' lang='lat' dir='ltr'>caput</span> <span class='ocrx_word' id='word_1_193' title='bbox 2468 2901 2636 2966; x_wconf 83' lang='lat' dir='ltr'>Jesn</span> 
     </span>
     <span class='ocr_line' id='line_1_23' title="bbox 296 3004 2635 3100; baseline 0.001 -34"><span class='ocrx_word' id='word_1_194' title='bbox 296 3023 427 3067; x_wconf 88' lang='lat' dir='ltr'>non</span> <span class='ocrx_word' id='word_1_195' title='bbox 469 3022 616 3067; x_wconf 89' lang='lat' dir='ltr'>cum</span> <span class='ocrx_word' id='word_1_196' title='bbox 660 3004 1143 3067; x_wconf 85' lang='lat' dir='ltr'>linteaminibus</span> <span class='ocrx_word' id='word_1_197' title='bbox 1187 3008 1506 3090; x_wconf 87' lang='lat' dir='ltr'>positum,</span> <span class='ocrx_word' id='word_1_198' title='bbox 1550 3008 1671 3070; x_wconf 89' lang='lat' dir='ltr'>sed</span> <span class='ocrx_word' id='word_1_199' title='bbox 1723 3009 2071 3091; x_wconf 85' lang='lat' dir='ltr'>separatim</span> <span class='ocrx_word' id='word_1_200' title='bbox 2151 3006 2513 3100; x_wconf 78' lang='lat' dir='ltr'>inyolntum</span> <span class='ocrx_word' id='word_1_201' title='bbox 2570 3008 2635 3069; x_wconf 91' lang='lat' dir='ltr'>in</span> 
     </span>
     <span class='ocr_line' id='line_1_24' title="bbox 293 3099 2637 3204; baseline 0.002 -32"><span class='ocrx_word' id='word_1_202' title='bbox 293 3128 494 3172; x_wconf 89' lang='lat' dir='ltr'>unum</span> <span class='ocrx_word' id='word_1_203' title='bbox 538 3109 769 3192; x_wconf 88' lang='lat' dir='ltr'>locum,</span> <span class='ocrx_word' id='word_1_204' title='bbox 814 3116 880 3169; x_wconf 86' lang='lat' dir='ltr'>et</span> <span class='ocrx_word' id='word_1_205' title='bbox 921 3110 1156 3171; x_wconf 88' lang='lat' dir='ltr'>mansit</span> <span class='ocrx_word' id='word_1_206' title='bbox 1200 3112 1290 3174; x_wconf 90' lang='lat' dir='ltr'>ita</span> <span class='ocrx_word' id='word_1_207' title='bbox 1312 3111 1543 3194; x_wconf 83' lang='lat' dir='ltr'>jacens</span> <span class='ocrx_word' id='word_1_208' title='bbox 1586 3114 1653 3175; x_wconf 90' lang='lat' dir='ltr'>in</span> <span class='ocrx_word' id='word_1_209' title='bbox 1683 3115 2025 3198; x_wconf 89' lang='lat' dir='ltr'>sepulchro</span> <span class='ocrx_word' id='word_1_210' title='bbox 2056 3099 2181 3204; x_wconf 78' lang='lat' dir='ltr'>per</span> <span class='ocrx_word' id='word_1_211' title='bbox 2206 3112 2453 3197; x_wconf 81' lang='lat' dir='ltr'>aliquot</span> <span class='ocrx_word' id='word_1_212' title='bbox 2495 3112 2637 3176; x_wconf 84' lang='lat' dir='ltr'>dies</span> 
     </span>
     <span class='ocr_line' id='line_1_25' title="bbox 292 3212 2637 3301; baseline 0.001 -25"><span class='ocrx_word' id='word_1_213' title='bbox 292 3221 448 3298; x_wconf 89' lang='lat' dir='ltr'>post</span> <span class='ocrx_word' id='word_1_214' title='bbox 490 3212 735 3278; x_wconf 84' lang='lat' dir='ltr'>Christi</span> <span class='ocrx_word' id='word_1_215' title='bbox 779 3214 1337 3278; x_wconf 83' lang='lat' dir='ltr'>resurrectionem.</span> <span class='ocrx_word' id='word_1_216' title='bbox 1426 3214 1705 3295; x_wconf 82' lang='lat' dir='ltr'>Quidam</span> <span class='ocrx_word' id='word_1_217' title='bbox 1747 3226 1961 3281; x_wconf 88' lang='lat' dir='ltr'>autem</span> <span class='ocrx_word' id='word_1_218' title='bbox 2003 3217 2329 3301; x_wconf 79' lang='lat' dir='ltr'>sudaeus,</span> <span class='ocrx_word' id='word_1_219' title='bbox 2373 3215 2637 3281; x_wconf 89' lang='lat' dir='ltr'>volante</span> 
     </span>
     <span class='ocr_line' id='line_1_26' title="bbox 298 3317 2641 3406; baseline 0.001 -24"><span class='ocrx_word' id='word_1_220' title='bbox 298 3319 470 3382; x_wconf 82' lang='lat' dir='ltr'>fama</span> <span class='ocrx_word' id='word_1_221' title='bbox 513 3317 597 3382; x_wconf 84' lang='lat' dir='ltr'>(le</span> <span class='ocrx_word' id='word_1_222' title='bbox 639 3320 1111 3383; x_wconf 88' lang='lat' dir='ltr'>resurrectione</span> <span class='ocrx_word' id='word_1_223' title='bbox 1155 3319 1419 3403; x_wconf 88' lang='lat' dir='ltr'>Christi,</span> <span class='ocrx_word' id='word_1_224' title='bbox 1463 3322 1716 3386; x_wconf 88' lang='lat' dir='ltr'>occulte</span> <span class='ocrx_word' id='word_1_225' title='bbox 1756 3323 2167 3406; x_wconf 88' lang='lat' dir='ltr'>sepulchrum</span> <span class='ocrx_word' id='word_1_226' title='bbox 2202 3322 2471 3388; x_wconf 80' lang='lat' dir='ltr'>Domini</span> <span class='ocrx_word' id='word_1_227' title='bbox 2536 3331 2641 3385; x_wconf 87' lang='lat' dir='ltr'>est</span> 
     </span>
     <span class='ocr_line' id='line_1_27' title="bbox 295 3407 2637 3516; baseline 0.001 -29"><span class='ocrx_word' id='word_1_228' title='bbox 295 3426 656 3509; x_wconf 86' lang='lat' dir='ltr'>ingressus,</span> <span class='ocrx_word' id='word_1_229' title='bbox 699 3434 766 3487; x_wconf 89' lang='lat' dir='ltr'>et</span> <span class='ocrx_word' id='word_1_230' title='bbox 805 3423 1037 3487; x_wconf 79' lang='lat' dir='ltr'>videns</span> <span class='ocrx_word' id='word_1_231' title='bbox 1081 3424 1405 3489; x_wconf 81' lang='lat' dir='ltr'>sudarium</span> <span class='ocrx_word' id='word_1_232' title='bbox 1447 3426 1716 3511; x_wconf 88' lang='lat' dir='ltr'>pulchre</span> <span class='ocrx_word' id='word_1_233' title='bbox 1760 3428 2115 3492; x_wconf 77' lang='lat' dir='ltr'>involutum</span> <span class='ocrx_word' id='word_1_234' title='bbox 2160 3426 2304 3492; x_wconf 82' lang='lat' dir='ltr'>tulit</span> <span class='ocrx_word' id='word_1_235' title='bbox 2340 3407 2500 3516; x_wconf 71' lang='lat' dir='ltr'>illud</span> <span class='ocrx_word' id='word_1_236' title='bbox 2569 3428 2637 3489; x_wconf 88' lang='lat' dir='ltr'>in</span> 
     </span>
     <span class='ocr_line' id='line_1_28' title="bbox 296 3528 2640 3613; baseline 0 -20"><span class='ocrx_word' id='word_1_237' title='bbox 296 3528 556 3593; x_wconf 87' lang='lat' dir='ltr'>domum</span> <span class='ocrx_word' id='word_1_238' title='bbox 598 3546 783 3591; x_wconf 89' lang='lat' dir='ltr'>suam</span> <span class='ocrx_word' id='word_1_239' title='bbox 805 3571 826 3613; x_wconf 89' lang='lat'>,</span> <span class='ocrx_word' id='word_1_240' title='bbox 870 3530 1021 3611; x_wconf 90' lang='lat' dir='ltr'>quia</span> <span class='ocrx_word' id='word_1_241' title='bbox 1072 3548 1319 3613; x_wconf 81' lang='lat' dir='ltr'>pauper</span> <span class='ocrx_word' id='word_1_242' title='bbox 1372 3541 1438 3594; x_wconf 89' lang='lat' dir='ltr'>et</span> <span class='ocrx_word' id='word_1_243' title='bbox 1499 3533 1726 3596; x_wconf 80' lang='lat' dir='ltr'>infelix</span> <span class='ocrx_word' id='word_1_244' title='bbox 1782 3532 2077 3597; x_wconf 83' lang='lat' dir='ltr'>Judaens</span> <span class='ocrx_word' id='word_1_245' title='bbox 2139 3540 2296 3595; x_wconf 78' lang='lat' dir='ltr'>erat.</span> <span class='ocrx_word' id='word_1_246' title='bbox 2398 3533 2495 3595; x_wconf 76' lang='lat' dir='ltr'>Ex</span> <span class='ocrx_word' id='word_1_247' title='bbox 2559 3548 2640 3594; x_wconf 90' lang='lat' dir='ltr'>ea</span> 
     </span>
     <span class='ocr_line' id='line_1_29' title="bbox 298 3635 2635 3721; baseline 0 -25"><span class='ocrx_word' id='word_1_248' title='bbox 298 3642 510 3697; x_wconf 87' lang='lat' dir='ltr'>autem</span> <span class='ocrx_word' id='word_1_249' title='bbox 553 3635 751 3717; x_wconf 90' lang='lat' dir='ltr'>hora,</span> <span class='ocrx_word' id='word_1_250' title='bbox 801 3651 933 3718; x_wconf 86' lang='lat' dir='ltr'>qua</span> <span class='ocrx_word' id='word_1_251' title='bbox 993 3636 1335 3699; x_wconf 87' lang='lat' dir='ltr'>sudarium</span> <span class='ocrx_word' id='word_1_252' title='bbox 1378 3636 1720 3721; x_wconf 55' lang='lat' dir='ltr'>(laura)</span> <span class='ocrx_word' id='word_1_253' title='bbox 1761 3639 1829 3700; x_wconf 88' lang='lat' dir='ltr'>in</span> <span class='ocrx_word' id='word_1_254' title='bbox 1875 3637 2130 3701; x_wconf 82' lang='lat' dir='ltr'>domum</span> <span class='ocrx_word' id='word_1_255' title='bbox 2170 3653 2357 3699; x_wconf 89' lang='lat' dir='ltr'>suam</span> <span class='ocrx_word' id='word_1_256' title='bbox 2402 3636 2635 3720; x_wconf 83' lang='lat' dir='ltr'>intulit,</span> 
     </span>
     <span class='ocr_line' id='line_1_30' title="bbox 295 3738 2640 3828; baseline 0.001 -27"><span class='ocrx_word' id='word_1_257' title='bbox 295 3738 634 3802; x_wconf 85' lang='lat' dir='ltr'>benedixit</span> <span class='ocrx_word' id='word_1_258' title='bbox 676 3738 997 3805; x_wconf 87' lang='lat' dir='ltr'>Dominus</span> <span class='ocrx_word' id='word_1_259' title='bbox 1040 3740 1257 3804; x_wconf 89' lang='lat' dir='ltr'>domui</span> <span class='ocrx_word' id='word_1_260' title='bbox 1291 3740 1549 3828; x_wconf 86' lang='lat' dir='ltr'>Judaei,</span> <span class='ocrx_word' id='word_1_261' title='bbox 1589 3749 1660 3805; x_wconf 89' lang='lat' dir='ltr'>et</span> <span class='ocrx_word' id='word_1_262' title='bbox 1704 3743 1921 3808; x_wconf 76' lang='lat' dir='ltr'>factm</span> <span class='ocrx_word' id='word_1_263' title='bbox 1956 3749 2064 3806; x_wconf 61' lang='grc' dir='ltr'>αι</span> <span class='ocrx_word' id='word_1_264' title='bbox 2104 3740 2295 3814; x_wconf 73' lang='lat' dir='ltr'>dives</span> <span class='ocrx_word' id='word_1_265' title='bbox 2341 3750 2405 3806; x_wconf 87' lang='lat' dir='ltr'>et</span> <span class='ocrx_word' id='word_1_266' title='bbox 2447 3741 2640 3804; x_wconf 86' lang='lat' dir='ltr'>incli-</span> 
     </span>
     <span class='ocr_line' id='line_1_31' title="bbox 300 3837 2641 3930; baseline 0 -22"><span class='ocrx_word' id='word_1_267' title='bbox 300 3851 426 3908; x_wconf 90' lang='lat' dir='ltr'>tus.</span> <span class='ocrx_word' id='word_1_268' title='bbox 501 3844 650 3907; x_wconf 83' lang='lat' dir='ltr'>Hoc</span> <span class='ocrx_word' id='word_1_269' title='bbox 694 3854 764 3907; x_wconf 88' lang='grc' dir='ltr'>ιιι</span> <span class='ocrx_word' id='word_1_270' title='bbox 806 3845 1101 3910; x_wconf 85' lang='lat' dir='ltr'>Judaeus</span> <span class='ocrx_word' id='word_1_271' title='bbox 1137 3845 1498 3930; x_wconf 79' lang='lat' dir='ltr'>perpendit,</span> <span class='ocrx_word' id='word_1_272' title='bbox 1560 3837 1886 3928; x_wconf 61' lang='lat' dir='ltr'>sudarium</span> <span class='ocrx_word' id='word_1_273' title='bbox 1930 3854 2227 3910; x_wconf 88' lang='lat' dir='ltr'>sanctum</span> <span class='ocrx_word' id='word_1_274' title='bbox 2272 3846 2641 3930; x_wconf 82' lang='lat' dir='ltr'>diligentis-</span> 
     </span>
     <span class='ocr_line' id='line_1_32' title="bbox 298 3949 2638 4035; baseline 0 -23"><span class='ocrx_word' id='word_1_275' title='bbox 298 3951 462 4013; x_wconf 83' lang='lat' dir='ltr'>sime</span> <span class='ocrx_word' id='word_1_276' title='bbox 503 3949 796 4032; x_wconf 88' lang='lat' dir='ltr'>inclusit,</span> <span class='ocrx_word' id='word_1_277' title='bbox 841 3960 1143 4035; x_wconf 86' lang='lat' dir='ltr'>tauquam</span> <span class='ocrx_word' id='word_1_278' title='bbox 1187 3952 1566 4016; x_wconf 78' lang='lat' dir='ltr'>thesaurum</span> <span class='ocrx_word' id='word_1_279' title='bbox 1603 3953 2173 4034; x_wconf 82' lang='lat' dir='ltr'>pretiosissimum,</span> <span class='ocrx_word' id='word_1_280' title='bbox 2236 3968 2360 4014; x_wconf 86' lang='lat' dir='ltr'>nec</span> <span class='ocrx_word' id='word_1_281' title='bbox 2423 3959 2638 4014; x_wconf 83' lang='lat' dir='ltr'>tamen</span> 
     </span>
     <span class='ocr_line' id='line_1_33' title="bbox 298 4053 2640 4140; baseline 0.002 -22"><span class='ocrx_word' id='word_1_282' title='bbox 298 4054 384 4120; x_wconf 82' lang='lat' dir='ltr'>ad</span> <span class='ocrx_word' id='word_1_283' title='bbox 427 4053 761 4119; x_wconf 84' lang='lat' dir='ltr'>Christum</span> <span class='ocrx_word' id='word_1_284' title='bbox 804 4071 1186 4140; x_wconf 81' lang='lat' dir='ltr'>conversus,</span> <span class='ocrx_word' id='word_1_285' title='bbox 1229 4057 1350 4121; x_wconf 83' lang='lat' dir='ltr'>sed</span> <span class='ocrx_word' id='word_1_286' title='bbox 1390 4058 1796 4130; x_wconf 78' lang='lat' dir='ltr'>inveteratus</span> <span class='ocrx_word' id='word_1_287' title='bbox 1840 4055 1921 4119; x_wconf 89' lang='lat' dir='ltr'>ad</span> <span class='ocrx_word' id='word_1_288' title='bbox 1967 4061 2259 4120; x_wconf 80' lang='lat' dir='ltr'>extrema</span> <span class='ocrx_word' id='word_1_289' title='bbox 2317 4057 2640 4140; x_wconf 75' lang='lat' dir='ltr'>pervenit,</span> 
     </span>
     <span class='ocr_line' id='line_1_34' title="bbox 298 4159 2641 4245; baseline 0 -24"><span class='ocrx_word' id='word_1_290' title='bbox 298 4167 368 4221; x_wconf 83' lang='lat' dir='ltr'>et</span> <span class='ocrx_word' id='word_1_291' title='bbox 408 4162 785 4225; x_wconf 86' lang='lat' dir='ltr'>convocatis</span> <span class='ocrx_word' id='word_1_292' title='bbox 828 4161 1060 4227; x_wconf 83' lang='lat' dir='ltr'>duobis</span> <span class='ocrx_word' id='word_1_293' title='bbox 1102 4161 1256 4226; x_wconf 82' lang='lat' dir='ltr'>filiis</span> <span class='ocrx_word' id='word_1_294' title='bbox 1299 4163 1462 4245; x_wconf 84' lang='lat' dir='ltr'>suis,</span> <span class='ocrx_word' id='word_1_295' title='bbox 1508 4161 1741 4238; x_wconf 76' lang='lat' dir='ltr'>divisit</span> <span class='ocrx_word' id='word_1_296' title='bbox 1780 4160 1910 4225; x_wconf 85' lang='lat' dir='ltr'>illis</span> <span class='ocrx_word' id='word_1_297' title='bbox 1948 4161 2417 4244; x_wconf 67' lang='lat' dir='ltr'>substantiam,</span> <span class='ocrx_word' id='word_1_298' title='bbox 2478 4159 2641 4223; x_wconf 66' lang='lat' dir='ltr'>danis</span> 
     </span>
     <span class='ocr_line' id='line_1_35' title="bbox 302 4263 2641 4352; baseline 0.001 -29"><span class='ocrx_word' id='word_1_299' title='bbox 302 4263 542 4327; x_wconf 76' lang='lat' dir='ltr'>seniori</span> <span class='ocrx_word' id='word_1_300' title='bbox 584 4265 942 4351; x_wconf 80' lang='lat' dir='ltr'>sudarium,</span> <span class='ocrx_word' id='word_1_301' title='bbox 986 4276 1060 4332; x_wconf 88' lang='lat' dir='ltr'>et.</span> <span class='ocrx_word' id='word_1_302' title='bbox 1086 4266 1328 4352; x_wconf 85' lang='lat' dir='ltr'>juniori</span> <span class='ocrx_word' id='word_1_303' title='bbox 1351 4267 1602 4332; x_wconf 85' lang='lat' dir='ltr'>omnia.</span> <span class='ocrx_word' id='word_1_304' title='bbox 1628 4266 1778 4335; x_wconf 83' lang='lat' dir='ltr'>alia.</span> <span class='ocrx_word' id='word_1_305' title='bbox 1862 4265 2094 4340; x_wconf 77' lang='lat' dir='ltr'>Senior</span> <span class='ocrx_word' id='word_1_306' title='bbox 2137 4275 2355 4334; x_wconf 76' lang='lat' dir='ltr'>autem</span> <span class='ocrx_word' id='word_1_307' title='bbox 2393 4265 2641 4349; x_wconf 83' lang='lat' dir='ltr'>sprevit</span> 
     </span>
     <span class='ocr_line' id='line_1_36' title="bbox 304 4351 2638 4458; baseline 0.001 -31"><span class='ocrx_word' id='word_1_308' title='bbox 304 4365 652 4454; x_wconf 70' lang='lat' dir='ltr'>sudu-ium,</span> <span class='ocrx_word' id='word_1_309' title='bbox 691 4387 1065 4458; x_wconf 77' lang='lat' dir='ltr'>quanquam</span> <span class='ocrx_word' id='word_1_310' title='bbox 1106 4383 1288 4458; x_wconf 88' lang='lat' dir='ltr'>pater</span> <span class='ocrx_word' id='word_1_311' title='bbox 1329 4351 1581 4437; x_wconf 75' lang='lat' dir='ltr'>cunctis</span> <span class='ocrx_word' id='word_1_312' title='bbox 1624 4372 1855 4454; x_wconf 76' lang='lat' dir='ltr'>opibus</span> <span class='ocrx_word' id='word_1_313' title='bbox 1878 4371 2126 4436; x_wconf 78' lang='lat' dir='ltr'>diceret</span> <span class='ocrx_word' id='word_1_314' title='bbox 2146 4387 2300 4435; x_wconf 79' lang='lat' dir='ltr'>esse</span> <span class='ocrx_word' id='word_1_315' title='bbox 2339 4366 2638 4451; x_wconf 82' lang='lat' dir='ltr'>nobilius,</span> 
     </span>
    </p>
   </div>
   <div class='ocr_carea' id='block_1_4' title="bbox 309 4471 2644 4632">
    <p class='ocr_par' dir='ltr' id='par_1_4' title="bbox 309 4471 2644 4632">
     <span class='ocr_line' id='line_1_37' title="bbox 309 4471 2644 4632; baseline 0.002 -99"><span class='ocrx_word' id='word_1_316' title='bbox 309 4479 378 4533; x_wconf 82' lang='lat' dir='ltr'>et</span> <span class='ocrx_word' id='word_1_317' title='bbox 446 4489 591 4537; x_wconf 85' lang='lat' dir='ltr'>cum</span> <span class='ocrx_word' id='word_1_318' title='bbox 653 4474 852 4541; x_wconf 75' lang='lat' dir='ltr'>fratre</span> <span class='ocrx_word' id='word_1_319' title='bbox 909 4494 1034 4542; x_wconf 87' lang='lat' dir='ltr'>suo</span> <span class='ocrx_word' id='word_1_320' title='bbox 1090 4478 1384 4563; x_wconf 84' lang='lat' dir='ltr'>mutavit,</span> <span class='ocrx_word' id='word_1_321' title='bbox 1427 4484 1497 4541; x_wconf 82' lang='lat' dir='ltr'>et</span> <span class='ocrx_word' id='word_1_322' title='bbox 1566 4476 1896 4542; x_wconf 88' lang='lat' dir='ltr'>sudarium</span> <span class='ocrx_word' id='word_1_323' title='bbox 1952 4473 2433 4632; x_wconf 51' lang='lat' dir='ltr'>mig-remit</span> <span class='ocrx_word' id='word_1_324' title='bbox 2446 4516 2467 4554; x_wconf 92' lang='lat'>,</span> <span class='ocrx_word' id='word_1_325' title='bbox 2532 4471 2644 4556; x_wconf 83' lang='lat' dir='ltr'>qui</span> 
     </span>
    </p>
   </div>
  </div>
 </body>
</html>
