3242 5259
1740 305 1871 380 245

643 493 973 570 venimus,
1017 491 1128 552 ubi
1170 485 1342 551 idem
1394 487 1757 572 Apostolus
1794 486 2036 554 utiliter
2097 485 2404 570 dubitans
2460 471 2806 551 cicatrices
2848 486 2991 558 ful·-

643 599 836 686 gidas
880 595 1167 678 corporis
1212 593 1457 658 Christi
1512 604 1782 675 tangere
1831 593 2082 657 meruit.
2167 591 2602 656 procedentes
2647 600 2863 656 autem
2904 561 2993 656 ad

647 706 859 768 locum
902 700 1079 764 illum
1122 700 1436 782 hymnum
1476 700 1861 782 gaudiosum
1914 698 2355 764 cantavimus.
2424 698 2693 761 mxultet
2735 696 2991 763 coelum

649 808 969 888 laudibus,
1019 804 1286 868 resultet
1337 813 1506 867 terra
1548 801 1806 887 gaudiis
1823 811 1973 885 etc.‚
2020 811 2085 865 et
2126 806 2192 865 in
2237 804 2380 872 loco
2404 789 2710 887 prostrati
2752 804 2996 870 iterum

643 914 974 1000 plenariae
997 910 1395 974 remissionis
1426 910 1866 992 indulgentias
1894 910 2279 992 consequuti
2307 928 2535 978 sumus
2550 909 2737 993 (st).
2760 911 2839 971 In
2863 909 2994 992 hpc

647 1019 788 1082 loco
813 1017 882 1080 S.
911 1016 1210 1099 Apostoli
1232 1018 1519 1084 'rhomae
1561 1014 1957 1098 singularem
1992 1015 2266 1096 gratiam
2297 1014 2713 1104 contemplati
2738 1031 2990 1094 sumus.

647 1123 892 1186 Omnes
937 1121 1140 1202 enim,
1186 1140 1350 1205 quos
1393 1120 1706 1204 legimus,
1750 1122 1925 1183 circa
1965 1120 2091 1184 hoc
2130 1118 2331 1201 latus,
2367 1121 2433 1184 iu
2477 1121 2650 1205 quod
2692 1118 2764 1182 S.
2809 1119 2995 1186 'l'ho-

649 1247 792 1292 mas
837 1246 1092 1290 manum
1129 1227 1400 1309 jubente
1466 1225 1728 1290 Christo
1774 1225 1981 1307 misit,
2045 1224 2289 1307 aliquid
2347 1227 2567 1307 egisse
2588 1272 2607 1308 ,
2672 1225 2994 1309 singulari

648 1334 924 1418 quadam
962 1333 1416 1416 praerogativa
1453 1331 1705 1415 gratiae
1770 1331 2161 1394 remunerati
2214 1334 2582 1395 extitemnt.
2653 1332 2996 1413 Longinus

650 1440 822 1501 enim
867 1437 1054 1500 miles
1097 1436 1468 1500 incredulus
1514 1444 1583 1498 et
1627 1431 1928 1517 crudelis,
1971 1452 2053 1497 ac
2085 1435 2317 1500 debilis
2360 1437 2531 1520 visu,
2566 1437 2765 1521 jussu
2800 1437 2997 1502 Pilati

621 1545 831 1608 .cruci
877 1544 1146 1624 asstitit,
1211 1552 1278 1605 et
1320 1542 1577 1605 vibrata
1635 1542 1828 1605 hasta
1889 1542 1957 1606 iu
2000 1540 2171 1605 latus
2230 1540 2597 1607 Salvatoris
2636 1543 2882 1628 infixit,
2928 1551 2997 1610 et

651 1668 767 1714 cor
806 1647 1284 1722 sanctissimum
1329 1646 1572 1709 Christi
1617 1647 1960 1710 transfixit.
2020 1645 2203 1711 cusu
2242 1655 2464 1712 sutem
2506 1649 2832 1733 stamine
2871 1668 2992 1732 per

649 1755 906 1820 hastam
933 1753 1336 1835 decurrente,
1367 1751 1535 1815 oculi
1575 1751 1721 1835 ejus
1763 1752 1919 1815 tacti
1960 1751 2137 1816 clare
2174 1751 2358 1835 vidit,
2399 1761 2466 1816 et
2496 1753 2713 1816 limen
2755 1755 2994 1820 mentis

651 1868 719 1922 et
761 1859 1049 1940 corporis
1110 1857 1394 1940 accepit,
1459 1875 1538 1922 ac
1602 1857 1978 1941 martyrium
2044 1856 2301 1921 celebre
2372 1858 2653 1941 pertulit.
2746 1860 2995 1924 Beatus

649 1963 990 2026 Johannes
1010 1963 1437 2045 Evangelista
1481 1962 1654 2025 latus
1693 1961 1822 2024 hoc
1862 1960 2046 2045 vidit,
2081 1972 2148 2026 et
2187 1963 2361 2047 quod
2402 1982 2574 2047 sque.
2612 1974 2681 2029 et
2720 1967 2996 2048 sanguis

653 2067 892 2150 exivit,
970 2068 1343 2150 conspexit,
1424 2075 1487 2130 et
1551 2066 1856 2149 credidit,
1934 2074 2001 2129 et
2064 2070 2500 2134 testimouium
2543 2070 2996 2154 mysteriorum

653 2173 1073 2236 maximorum
1116 2172 1457 2256 perhibuit.
1500 2171 1571 2234 S.
1617 2173 1901 2235 Thomas
1942 2172 2300 2257 Apostolus
2345 2173 2529 2257 vidit,
2574 2177 2804 2259 tetigit,
2848 2175 3027 2259 (B),

656 2289 722 2342 et
765 2277 1202 2342 solidissimus
1244 2296 1324 2341 ac
1362 2277 1812 2366 apertissimus
1854 2276 2008 2341 fidei
2049 2277 2389 2342 confessor
2430 2277 2706 2345 effectus
2748 2290 2884 2364 est,
2929 2290 2996 2344 et

652 2383 1040 2446 sententiam
1098 2382 1285 2446 nobis
1352 2382 1547 2445 valde
1619 2381 2115 2446 consolatoriam
2182 2384 2463 2448 audivit·
2530 2387 2717 2470 quie,
2789 2386 2995 2471 inquit

653 2490 991 2571 Dominus,
1020 2487 1242 2551 vidisti
1283 2506 1388 2550 me
1429 2487 1694 2569 Thema,
1727 2485 2087 2554 credidisti:
2129 2489 2324 2573 beati,
2368 2489 2480 2573 qui
2521 2510 2650 2576 uon
2692 2490 2997 2556 viderunt

656 2603 723 2656 et
765 2593 1192 2657 crediderunt.
1281 2591 1541 2656 caeteri
1583 2595 1778 2656 etiam
1836 2592 2175 2677 Apostoli,
2238 2595 2472 2679 quibus
2528 2596 2813 2661 ostendit
2853 2596 2996 2660 Do-

658 2701 869 2765 minus
914 2717 1141 2763 manus
1200 2706 1267 2760 et
1322 2698 1524 2782 latuS,
1578 2697 1910 2780 viderunt,
1972 2706 2039 2762 et
2082 2701 2286 2783 aperti
2324 2709 2481 2763 suut
2523 2720 2608 2765 ex
2660 2702 2785 2765 hoc
2826 2701 2996 2765 oculi

658 2826 907 2888 eorum,
986 2814 1056 2868 ut
1135 2801 1574 2886 intelligerent
1656 2805 2046 2887 scripturas,
2131 2812 2199 2865 et
2276 2804 2515 2887 gaudio
2596 2806 2998 2888 replerentur

656 2910 986 2975 ineffabili.
1069 2910 1315 2972 Beatus
1355 2908 1771 2972 Bemhardus
1813 2927 2007 2972 orans
2046 2917 2198 2972 ante
2219 2906 2616 2974 crucifixum
2665 2911 2855 2974 visus
2896 2919 2999 2974 est

658 3016 830 3078 solvi
870 3033 908 3075 a
951 3031 1147 3076 cruce
1189 3015 1333 3098 ipse
1378 3014 1748 3078 Crucifixus
1762 3058 1784 3100 ‚
1826 3033 2033 3100 seque
2098 3031 2295 3097 super
2336 3014 2998 3106 orantemqreclinarffi

659 3138 851 3203 quem
893 3135 1089 3180 orans
1134 3118 1456 3200 suscepit,
1498 3127 1565 3180 et
1607 3136 1683 3181 os
1724 3135 1915 3181 suum
1970 3117 2052 3181 ad
2094 3118 2266 3186 latus
2310 3119 2622 3184 crucifixi
2665 3120 2997 3203 applicuit,

657 3232 721 3285 et
767 3219 920 3284 inde
969 3220 1271 3284 melliflua
1334 3220 1766 3285 doctrinarum
1822 3223 2017 3286 suxit.
2121 3223 2407 3290 Sanctus
2464 3227 2732 3309 iusuper
2784 3203 2997 3287 Fran-

658 3327 874 3390 ciscus
911 3323 1288 3389 vulneribus
1328 3323 1572 3394 Christi
1613 3325 2036 3390 veliementer
2076 3329 2354 3394 affectus
2396 3331 2704 3415 stigmate
2736 3328 2997 3394 Domini

655 3433 824 3496 Jesu
871 3430 1243 3494 mirabiliter
1303 3440 1370 3494 et
1410 3432 1807 3514 sensibiliter
1844 3433 1913 3496 in
1957 3450 2081 3500 suo
2121 3451 2390 3519 corpore
2443 3445 2704 3520 portare
2744 3417 2993 3502 mennit-

657 3541 932 3620 Insuper
976 3535 1222 3600 Sancta
1278 3535 1632 3604 Kathariua
1674 3537 1761 3601 de
1800 3533 1995 3602 Senis
2040 3559 2124 3602 ex
2167 3540 2295 3604 hoc
2334 3541 2750 3606 sanctissimo
2794 3536 2999 3602 intere

660 3644 889 3723 ebibit,
968 3650 1036 3705 et
1091 3631 1442 3736 devotione
1516 3641 1894 3710 dulcissima
1952 3645 2268 3710 inebriate
2334 3645 2472 3708 fuit.
2580 3646 2755 3708 Dum
2826 3644 2996 3706 enim

657 3746 913 3810 cuidam
955 3745 1271 3814 foeminae
1312 3745 1602 3811 infirmae
1657 3748 1848 3814 uleus
1888 3749 2208 3814 horridum
2252 3750 2535 3832 pectoris
2591 3758 2656 3812 et
2698 3746 2998 3812 foetidis-

658 3853 890 3914 simum
932 3851 1192 3918 habenti
1223 3854 1532 3938 serviret,
1591 3849 1743 3918 bum
1786 3873 1916 3938 qua
1957 3863 2219 3938 propter
2273 3854 2739 3918 intolerabilem
2786 3854 2998 3918 foeto-

662 3977 796 4021 rem
839 3976 1027 4020 nemo
1092 3975 1353 4050 manere
1414 3965 1680 4042 posset,
1763 3957 2039 4041 quodam
2104 3959 2211 4023 die
2272 3960 2459 4045 virgo
2502 3955 2780 4042 Christi,
2846 3955 2996 4019 dum

659 4060 846 4124 ulcus
889 4061 1043 4124 iilud
1089 4059 1475 4145 detexisset,
1519 4070 1590 4125 ut
1624 4063 1836 4144 ipsum
1880 4061 2159 4128 lavando
2201 4074 2538 4150 purgaret,
2586 4085 2736 4129 mox
2778 4071 2998 4125 tantus

661 4174 728 4228 et
770 4175 901 4230 tam
942 4165 1240 4230 horridus
1291 4166 1499 4232 foetor
1566 4167 1899 4230 exhalavit
1960 4188 2044 4231 ex
2110 4190 2222 4253 eo,
2279 4179 2351 4235 ut
2407 4178 2646 4236 cuucts
2697 4167 3000 4234 interiora

657 4271 935 4355 virginis
981 4281 1392 4336 moverentur
1452 4293 1535 4337 ex
1578 4289 1859 4356 nausea,
1925 4273 2099 4357 quod
2161 4276 2351 4359 virgo
2413 4279 2645 4339 sancis
2706 4274 2997 4336 sentiens

660 4386 887 4458 contra
928 4393 1187 4442 carnem
1231 4395 1414 4442 suam
1447 4375 1786 4462 indignata
1824 4380 2130 4465 nimium,
2169 4380 2450 4465 juravit3
2504 4379 2762 4444 diceus:
2811 4376 2999 4468 vivit,

2052 4585 2067 4600 “
2174 4589 2209 4638 2?

3200 707 3212 757 4
