3242 5259
1730 354 1859 423 418

624 538 705 604 de
749 546 965 601 monte
995 535 1182 620 Syon
1225 536 1305 600 ad
1349 535 1589 607 sontem
1626 533 1828 619 suno,
1872 543 1938 597 et
1982 552 2129 599 cum
2172 537 2242 599 in
2306 536 2485 600 textu
2544 537 2591 600 2
2626 530 2793 618 Beg.
2841 537 2970 600 xl.

624 643 911 726 dicatur,
974 639 1149 726 quod
1201 640 1429 705 mulier
1487 640 1666 706 'lavit
1721 657 1800 703 se
1867 657 1951 706 ex
2005 640 2302 724 opposito
2366 639 2596 706 domus
2653 641 2830 726 regis
2892 643 2973 705 in

627 764 752 813 auo
787 746 1050 817 solario.

623 995 744 1073 De
799 993 1102 1095 origine,
1156 1018 1256 1073 ex
1303 1019 1448 1095 qua
1496 1002 1784 1073 emanat
1832 993 2000 1069 sons
2028 962 2240 1117 'Siloa
2292 991 2429 1070 sub
2458 999 2702 1069 monte
2722 989 2973 1093 Syon.

786 1174 1008 1258 (160
1048 1174 1157 1258 A)
1211 1164 1222 1183 ²
1253 1175 1321 1237 A
1382 1173 1698 1238 natatoria
1780 1164 1895 1239 illa
1959 1176 2212 1260 egressi
2283 1175 2758 1262 aquaeductum
2829 1175 2972 1238 rivi

621 1281 834 1344 secuti
874 1297 1129 1362 sumus,
1169 1288 1234 1343 et
1277 1279 1360 1342 ad
1401 1280 1646 1344 fontem
1690 1278 1891 1364 Silue,
1937 1281 2050 1344 ubi
2102 1279 2186 1344 de
2240 1289 2462 1345 monte
2502 1279 2689 1365 Syon
2721 1287 2971 1363 manat,

624 1386 943 1451 venimus.
1025 1384 1227 1449 Porro
1289 1403 1406 1468 per
1471 1384 1647 1446 illam
1702 1384 1881 1448 viam
1944 1385 2357 1449 ascendendo
2422 1403 2681 1449 sursum
2756 1402 2973 1466 super

620 1492 834 1567 rivum
877 1507 1186 1575 aquarum
1230 1487 1411 1552 Siloe
1455 1489 1844 1552 mirabamur
1890 1489 1974 1553 de
2011 1490 2227 1554 colore
2256 1493 2426 1575 turpi
2457 1501 2523 1554 et
2545 1488 2969 1553 abominabili

616 1596 825 1679 ipsius
847 1613 1074 1679 aquae.
1159 1588 1300 1657 Sed
1341 1586 1685 1678 postquam
1717 1593 1813 1671 ad
1824 1594 2155 1703 originem
2154 1596 2481 1683 venimus,
2522 1614 2694 1679 quae
2715 1611 2969 1658 caussa

619 1699 828 1781 turpis
871 1699 1107 1763 coloris
1144 1699 1357 1781 fuerit,
1407 1692 1657 1781 experti
1697 1714 1946 1767 sumus,
2030 1672 2196 1762 Nam
2240 1698 2501 1784 quidam
2526 1700 2965 1785 sarracenam,

553 1862 560 1871 .
616 1802 835 1886 cerdo,
883 1804 952 1865 in
993 1818 1106 1867 ore
1140 1804 1496 1887 voraginis,
1559 1822 1643 1866 ex
1688 1820 1818 1886 qua
1860 1820 2031 1887 aqna
2060 1792 2306 1888 affluit,
2349 1800 2570 1869 stabat
2639 1814 2707 1868 et
2744 1803 2963 1890 pelles

621 1911 768 1972 sive
832 1917 1018 1972 cutes
1088 1916 1382 1971 recenter
1459 1906 1543 1970 de
1595 1906 2033 1971 animalibus·
2071 1907 2418 1972 distractas
2437 1902 2827 1995 intingebat
2884 1912 2963 1968 et

613 2013 891 2098 pedibus
948 2012 1438 2095 comprimebat,
1508 2028 1593 2073 ex
1637 2029 1765 2094 quo
1809 2029 2023 2094 aquae
2061 2012 2496 2097 reddebantur
2537 2009 2843 2121 §otdidae
2882 2017 2960 2071 et

617 2134 983 2201 morosae,
1025 2123 1096 2178 et
1130 2114 1279 2181 ideo
1308 2116 1432 2179 sub
1464 2114 1746 2178 cerdone
1769 2115 1988 2180 nullus
2010 2116 2242 2181 bibere
2246 2116 2531 2201 poterat,
2565 2132 2692 2180 nec
2717 2115 2956 2178 faciem

615 2224 856 2288 lavare.
944 2221 1242 2305 Cumque
1276 2219 1360 2284 ad
1402 2218 1746 2283 cerdonem
1767 2221 2205 2306 venissemuS,
2246 2224 2627 2305 voraginem
2667 2221 2955 2302 ingressi

583 2346 838 2391 ·sumus
898 2330 965 2391 in
1022 2336 1338 2411 montem,
1403 2325 1557 2409 quia
1617 2325 1820 2409 altpm
1884 2335 1955 2389 et
2006 2325 2397 2408 profundum
2440 2327 2689 2390 hiatum
2731 2326 2953 2405 habet,

612 2431 735 2496 sed
775 2450 905 2496 non
941 2431 1146 2497 latum
1162 2476 1182 2514 ,
1227 2449 1312 2497 ex
1351 2449 1481 2515 quo
1521 2427 1731 2492 effluit
1772 2428 1875 2503 da.
1892 2431 2106 2494 terrae
2124 2422 2593 2517 penetralibus
2635 2448 2839 2515 aqua,
2883 2436 2954 2497 et

614 2535 705 2597 ibi
762 2552 964 2617 super
1018 2534 1365 2599 cerdonem
1423 2536 1703 2599 bibimus
1760 2544 1828 2598 et
1882 2535 2107 2599 oculos
2151 2537 2428 2601 lavimus
2468 2537 2535 2600 in
2579 2535 2949 2599 memoriam

620 2638 913 2703 miraculi
953 2640 1023 2703 in
1072 2640 1200 2705 hac
1240 2656 1412 2723 aqua
1438 2618 1595 2707 facii
1644 2640 1712 2701 in
1754 2652 1955 2703 coeco
1992 2624 2199 2724 nati),
2219 2649 2292 2704 ut
2330 2640 2481 2704 Joh.
2538 2641 2601 2704 9.
2703 2639 2948 2703 Dicunt

613 2742 954 2829 vulgares,
1016 2743 1190 2829 quod
1231 2746 1600 2830 quicunque
1641 2741 1868 2806 oculos
1908 2743 2149 2808 laverit
2190 2764 2278 2810 ex
2318 2746 2499 2811 fonte
2552 2746 2680 2809 isto
2691 2786 2717 2833 ‚
2774 2741 2948 2827 quod

614 2847 899 2913 dolor'em
936 2838 1271 2914 ocu'lornm
1312 2868 1444 2947 non
1483 2850 1766 2932 patietur
1807 2849 2102 2945 amplius.
2186 2851 2457 2914 Tantam
2499 2858 2714 2917 antem
2751 2848 2948 2912 fldem

611 2948 889 3021 amet»
950 2954 1104 3017 huic
1149 2936 1356 3041 dicto,
1422 2955 1599 3021 sicut
1630 2972 1787 3037 qum
1832 2953 2100 3039 dicitur,
2164 2956 2555 3040 quicumque
2609 2953 2948 3019 balneatus

619 3056 686 3118 in
728 3057 1020 3121 Jordane
1062 3056 1293 3142 fuerit,
1345 3062 1512 3143 pont-
1551 3059 1862 3121 lotionem
1905 3078 2035 3123 non
2076 3062 2382 3127 senescit.
2484 3058 2651 3125 Cum
2711 3075 2950 3142 magna

615 3174 771 3242 ergo
815 3156 1300 3242 compressione
1339 3148 1643 3226 stetimus
1683 3164 1754 3226 in
1790 3170 2007 3253 terp-ae
2030 3166 2229 3248 hiatu,
2274 3168 2346 3229 in
2364 3167 2659 3228 scissura
2689 3168 2947 3248 montis,

613 3272 680 3327 et
721 3268 863 3325 erat
891 3262 1137 3326 clamor
1178 3281 1458 3346 magnus
1502 3267 2027 3353 pon-emotum
2067 3272 2253 3354 primi
2296 3270 2660 3334 clamabant
2685 3277 2948 3352 propter

608 3368 1032 3452 sequentium.
1073 3368 1655 3450 importunitatem·
1637 3416 1659 3455 ‚
1724 3366 1811 3436 et'
1850 3372 2056 3436 ultimi
2106 3385 2371 3467 propter
2422 3372 2944 3461 praecedentium

610 3469 984 3539 tarditatem
1001 3517 1023 3557 ,
1065 3472 1260 3543 medii
1314 3468 1474 3537 vero
1520 3484 1783 3559 propter
1822 3470 2190 3560 pressuram
2206 3491 2659 3585 utrorumque
2698 3476 2947 3543 clama-

608 3576 798 3660 bant,
874 3586 942 3642 et
984 3577 1108 3643 fuit
1155 3562 1358 3651 multa
1409 3576 1812 3667 impatientia
1853 3581 1942 3646 ibi
1965 3627 1985 3666 ,
2055 3603 2186 3648 non
2206 3562 2400 3651 enim
2446 3593 2816 3667 poteramus
2870 3586 2945 3647 in

609 3682 859 3747 hiatum
898 3682 1089 3749 aliter
1142 3686 1419 3768 inurere,
1480 3686 1608 3750 nisi
1654 3685 1959 3750 distentis
2001 3686 2336 3771 cruribus,
2388 3694 2455 3748 et
2495 3687 2664 3772 pede
2684 3706 2833 3753 -uno
2872 3688 2943 3751 in

607 3802 743 3871 una
770 3796 955 3869 pute
997 3786 1212 3874 iivuli‚
1250 3799 1319 3854 et
1359 3789 1486 3853 alie
1527 3792 1597 3855 ia
1640 3791 1850 3856 altera
1869 3784 2386 3861 lecatosransire
2405 3802 2776 3879 poteramus
2802 3794 2938 3877 [et]

607 3888 676 3953 iu
715 3907 884 3973 aqua
921 3893 1276 3969 escendere
1295 3938 1317 3978 ,
1374 3884 1528 3978 quia
1581 3913 1815 3963 omnes
1850 3898 2193 3980 pretiosis
2196 3894 2653 3963 calceamentis
2698 3900 2941 3965 fuimus

608 3993 916 4078 calceati,
975 4014 1145 4081 qnae
1200 3999 1284 4061 ad
1340 4016 1549 4084 aquae
1590 4007 1838 4065 tactum
1897 4009 2425 4091 corrumpuntur3
2484 4002 2668 4091 multi
2720 4013 2940 4068 tamen

604 4096 675 4161 iu
713 4098 948 4181 ipsum
972 4099 1262 4165 rivulum
1293 4104 1578 4168 totaliter
1630 4104 1877 4169 detrusi
1922 4100 2199 4173 fuerunt.
2283 4100 2591 4191 Expediti
2632 4127 2790 4193 ergo
2853 4106 2941 4171 de

601 4202 788 4266 biatu
828 4203 1150 4269 exivimus
1192 4205 1275 4271 de
1316 4226 1431 4273 ore
1469 4208 1883 4297 speluncae,
1887 4218 1963 4273 et
1994 4212 2480 4295 exportavinius
2521 4214 2592 4279 in
2639 4211 2937 4277 scutellis

604 4315 674 4371 et
713 4307 1106 4373 flasconibus
1142 4312 1386 4377 uostris
1427 4330 1664 4399 aquam
1711 4330 1969 4379 sacram
2008 4334 2126 4398 pro
2189 4315 2330 4399 his,
2390 4317 2504 4402 qui
2562 4319 2632 4382 in
2689 4318 2934 4381 hiatum

602 4411 858 4498 ingredi
929 4433 1061 4481 non
1143 4424 1477 4504 poteraut3
1552 4427 1816 4504 propter
1886 4419 2255 4503 praedictas
2336 4421 2510 4487 enim
2586 4436 2936 4509 pressuras
