3242 5259
1422 270 1509 338 49

263 472 441 520 vero
502 469 683 516 eram
748 450 834 514 de
879 450 1116 535 primis
1160 451 1228 513 in
1292 469 1407 534 ea,
1463 460 1544 515 -et
1607 455 1762 519 steti
1796 455 1865 517 in
1921 455 2192 520 castello
2255 455 2501 522 Galeas
2543 455 2626 520 ad

19 527 22 594 ³
271 555 804 642 respiciendum,
844 574 931 618 an
974 554 1176 638 aliqui
1212 556 1405 619 alieni
1441 566 1702 639 praeter
1740 549 1915 643 illos,
1961 561 2165 644 quiin
2190 558 2413 644 Cypro
2456 557 2522 625 e't
2561 563 2631 626 ia

269 662 516 727 Rhodo
556 660 641 724 ad
684 679 810 723 nos
851 660 1141 743 ingressi
1186 660 1480 746 fuerant,
1519 664 1875 728 intrarent·
1941 675 2011 728 et
2053 666 2456 730 intraverunt
2499 667 2629 731 due

275 770 522 832 Graeci
563 766 879 850 Episcopi
917 783 1068 830 cum
1109 765 1329 830 multis
1384 767 1551 830 aliis.
1637 770 1738 832 Ea
1778 777 1996 833 autem
2017 815 2039 856 ,
2101 788 2271 857 quae
2326 771 2491 835 alias
2538 771 2630 838 ibi

275 874 442 956 vidi,
485 874 782 958 protinus
823 890 952 936 non
1017 872 1492 936 conscriberem
1513 917 1534 954 ,
1577 874 1637 936 si
1679 875 2049 938 maturitate
2101 875 2467 950 omnimoda
2504 877 2631 942 hec

273 980 750 1063 Evagatorium
792 986 1089 1042 ornatum
1130 977 1373 1041 habere
1412 977 1697 1060 vellem3
1739 978 1858 1041 sed
1901 988 1974 1042 ut
2014 983 2281 1062 promisi
2321 983 2628 1050 fratribus

276 1085 448 1149 meis
472 1085 539 1147 in
564 1083 865 1166 epistola,
906 1083 1176 1146 seriosis
1196 1100 1397 1165 saepe
1420 1082 1708 1166 jocunda
1748 1094 1815 1148 et
1853 1083 2100 1150 ludicra
2128 1084 2369 1152 addidi.
2412 1081 2627 1149 Inter-

279 1209 364 1253 ea
406 1208 516 1253 me
573 1190 674 1251 sic
733 1197 951 1251 stante
1013 1197 1080 1250 et
1131 1186 1573 1272 ingredientes
1650 1188 2137 1275 considerante,
2214 1191 2352 1256 vidi
2408 1191 2630 1274 plures

280 1295 368 1359 de
412 1296 775 1378 peregrinis
816 1295 1254 1377 vertiginosos
1295 1310 1495 1376 supra
1535 1296 1897 1376 marginem
1945 1297 2147 1360 maris
2187 1305 2385 1379 stare,
2431 1304 2498 1358 et
2544 1296 2626 1359 ad

279 1399 673 1466 descensum
713 1401 783 1462 in
826 1399 1127 1472 barecam
1167 1398 1509 1481 trepidare.
1571 1397 1809 1464 Vinum
1849 1401 2020 1463 enim
2064 1399 2393 1464 Creticum
2436 1399 2629 1462 dulce

279 1514 350 1568 et
427 1504 812 1569 delectabile
882 1506 1148 1588 copiose
1207 1511 1537 1586 sumptum
1604 1505 1995 1586 vertiginem
2052 1505 2318 1568 inducit.
2421 1507 2629 1569 Erant

277 1619 502 1675 autem
540 1610 785 1694 gradus
837 1608 1076 1692 lapidei
1115 1609 1184 1671 in
1242 1607 1428 1671 litore
1470 1606 1554 1670 ad
1595 1627 1846 1673 murum
1900 1609 2183 1673 civitatis
2201 1655 2224 1694 ,
2281 1630 2397 1693 per
2456 1629 2623 1694 quos

276 1716 613 1800 oportebat
656 1714 909 1798 ingredi
973 1713 1242 1778 Galeam
1284 1713 1612 1776 volentem
1655 1711 2054 1776 descendere
2074 1760 2095 1797 ,
2139 1723 2206 1778 et
2247 1715 2619 1782 naviculam

277 1838 551 1906 parvam
567 1820 830 1901 intrare,
851 1820 920 1881 in
940 1837 1070 1902 qua
1093 1817 1447 1884 ducebatur
1467 1836 1677 1901 usque
1698 1814 1781 1879 ad
1805 1813 2076 1881 Galeam
2098 1829 2165 1882 et
2182 1822 2411 1884 iterum
2430 1821 2625 1903 juxta

281 1923 559 1991 Galeam
580 1923 877 2010 exeundo
907 1923 1223 2005 scapham
1241 1942 1360 2006 per
1390 1923 1553 1986 alios
1571 1921 1818 2005 gradus
1839 1923 2197 1988 ascendere
2223 1927 2290 1988 in
2318 1924 2621 2009 Galeam3

282 2029 460 2113 quod
491 2027 604 2091 illo
635 2028 899 2111 vesperi
940 2028 1161 2092 multis
1206 2036 1342 2091 erat
1378 2025 1542 2089 adeo
1584 2025 1872 2110 difficile,
1920 2028 2090 2112 quod
2133 2032 2470 2111 oportebat
2505 2049 2621 2094 eos

280 2134 525 2217 portari
552 2132 635 2195 de
672 2132 981 2216 gradibus
1018 2134 1185 2195 muri
1224 2133 1294 2194 in
1335 2133 1668 2214 scapham,
1712 2141 1779 2194 et
1824 2131 1908 2194 de
1947 2134 2198 2217 scapha
2238 2136 2306 2199 in
2330 2134 2623 2217 Galeam,

281 2256 495 2320 usque
550 2236 635 2300 ad
694 2237 971 2300 stantias
1013 2254 1192 2300 suas.
1275 2238 1455 2302 Inter
1499 2236 1665 2299 alios
1705 2237 1887 2299 venit
1937 2238 2199 2320 quidam
2240 2240 2625 2322 peregrinus

278 2361 519 2407 servus
559 2340 960 2427 quorundam
1005 2340 1403 2406 dominorum
1440 2341 1524 2404 de
1551 2341 1836 2423 civitate,
1863 2351 2128 2423 portans
2175 2360 2282 2405 res
2327 2342 2625 2406 domino-

280 2469 426 2512 rum
466 2467 728 2514 suorum
766 2454 833 2508 et
859 2445 1183 2509 flascones
1202 2447 1341 2509 vini
1385 2454 1452 2509 et
1471 2461 1735 2512 saccum
1769 2464 1917 2510 cum
1939 2448 2304 2511 recentibus
2325 2449 2624 2532 panibus,

280 2564 351 2617 et
391 2555 526 2620 ibat
572 2561 882 2617 curvatus
925 2552 1229 2615 oneribus
1272 2559 1342 2614 et
1381 2569 1527 2613 cum
1581 2547 1707 2614 hoc
1747 2561 2066 2633 gravatus
2107 2553 2280 2615 vino.
2301 2551 2622 2637 ,Cumque

279 2660 576 2723 venisset
640 2676 841 2742 super
890 2656 1138 2741 gradus
1152 2702 1174 2739 ,
1234 2665 1300 2718 et
1364 2654 1763 2726 descendere
1820 2656 2136 2737 inciperet
2191 2654 2275 2734 ad
2335 2676 2514 2720 mare
2554 2659 2622 2719 in

284 2761 627 2843 scapham,
668 2770 934 2844 repente
974 2781 1094 2847 per
1148 2779 1470 2844 praeceps
1522 2777 1673 2825 cum
1739 2760 2036 2823 omnibus
2098 2778 2266 2842 quae
2326 2763 2626 2843 portabat

19 2821 22 2932 ‚
286 2866 509 2950 lapsus
530 2876 631 2929 est
649 2867 717 2929 in
734 2868 930 2930 maris
955 2865 1360 2949 profinidum.
1402 2866 1642 2930 Statim
1675 2872 1891 2928 autem
1911 2864 1994 2927 ad
2027 2864 2374 2929 clamorem
2396 2876 2625 2952 astas-3

287 2972 448 3034 tium
479 2971 811 3034 Barcaleri
865 2971 950 3034 ad
984 2971 1195 3035 locum
1236 2971 1687 3034 immersionis·
1709 2987 1856 3034 cum
1894 2971 2160 3054 scaphis
2187 2979 2525 3058 venerunt,
2557 2978 2625 3034 et

286 3076 685 3161 prodientem
707 3085 1154 3146 extraxerunt:
1203 3093 1408 3160 panes
1443 3084 1660 3139 autem
1704 3085 1769 3138 et
1814 3076 2029 3138 omnia
2050 3094 2220 3159 quae
2249 3084 2622 3158 portaverat
2692 3101 2701 3108 ¹

282 3177 805 3266 superastabant,
829 3191 900 3245 et
921 3180 1006 3244 ad
1030 3163 1326 3246 nihilum
1339 3180 1617 3248 deducta
1646 3188 1715 3243 et
1746 3178 2012 3242 redacta
2032 3190 2203 3244 sunt.
2249 3180 2621 3266 Aliquidam

282 3287 672 3371 peregrinus
700 3286 1012 3374 sacerdos
1055 3281 1325 3366 (ms)
1368 3282 1694 3368 Dalmata,
1738 3285 1897 3348 mihi
1938 3285 2220 3349 multum
2264 3286 2622 3368 familiaris,

283 3394 480 3456 etiam
517 3393 710 3456 nimis
753 3392 836 3455 de
863 3391 1036 3466 dulci
1076 3396 1478 3473 gustaverat,
1509 3389 1602 3452 ita
1628 3388 1801 3473 quod
1825 3408 1973 3454 cum
2001 3390 2223 3454 labore
2265 3392 2333 3453 in
2351 3389 2622 3456 Galeam

281 3516 492 3582 usque
533 3498 619 3562 ad
657 3497 896 3564 malum
907 3487 1124 3576 ‘veum
1169 3502 1235 3556 et
1266 3493 1356 3556 ibi
1399 3493 1635 3578 stabat,
1666 3494 1942 3577 loquens
1984 3514 2132 3559 cum
2154 3496 2282 3559 alio
2320 3495 2627 3568 Dalmata

280 3621 491 3688 usque
532 3603 618 3667 ad
659 3603 980 3665 tenebras.
1066 3600 1299 3663 Stabat
1340 3605 1559 3659 autem
1598 3617 1800 3679 prope
1844 3599 2137 3662 foramen
2186 3600 2467 3682 carinae,
2508 3618 2625 3682 per

287 3707 462 3792 quod
504 3728 634 3772 non
676 3716 783 3770 est
813 3706 1174 3770 descensus
1215 3703 1426 3783 nocte,
1461 3700 1583 3763 sed
1623 3709 1874 3766 tantum
1910 3702 2039 3784 die,
2076 3711 2140 3766 et
2163 3703 2314 3766 dum
2356 3722 2489 3770 nox
2521 3713 2625 3767 est

285 3814 480 3895 facta,
522 3812 863 3896 deponitur
900 3809 1103 3894 scala,
1137 3817 1209 3872 ut
1250 3826 1382 3870 non
1430 3803 1867 3888 inquietentur
1907 3806 2180 3870 inferius
2224 3803 2623 3872 dormientes

285 3918 354 3980 in
396 3915 507 3980 illo
547 3917 768 3981 latere.
841 3915 1137 3998 Cumque
1177 3912 1291 3976 ille
1328 3911 1536 3974 bonus
1578 3912 1963 3994 peregrinus
2006 3912 2395 3978 locutionem
2437 3930 2626 3998 suam

287 4016 631 4100 linivisset,
675 4028 742 4083 et
771 4020 905 4103 jam
946 4038 1067 4083 nos
1109 4018 1380 4082 inferius
1406 4033 1634 4079 omnes
1674 4016 1744 4078 in
1766 4016 1952 4079 lectis
1975 4017 2216 4080 nostris
2253 4016 2625 4098 jaceremus

286 4123 752 4207 colloquentes,
792 4124 1057 4189 volebat
1094 4125 1166 4188 in
1206 4123 1502 4187 cumbam
1545 4139 1732 4186 suam
1775 4119 2176 4188 descendere
2231 4140 2348 4203 per
2399 4121 2626 4203 proxi-

288 4245 464 4290 mum
507 4228 822 4316 foramen,
856 4239 924 4292 et
962 4211 1214 4312 ponens
1244 4229 1314 4294 in
1344 4230 1590 4291 incerto
1635 4226 1872 4309 pedes,
1912 4227 2278 4314 importune
2325 4225 2625 4292 demum

292 4329 517 4414 lapsus
555 4342 660 4397 est
692 4352 810 4418 per
850 4334 1138 4399 foramen
1182 4335 1251 4396 in
1292 4332 1733 4416 pavimentum
1775 4331 2053 4413 carinae,
2086 4327 2394 4486 imaquod
2435 4326 2667 4436 galea„
