3242 5259
346 301 357 309 ⁸
484 376 519 419 -,
1096 306 1109 335 ⁴
1136 282 1153 341 ⁵
1616 339 1742 409 tu

376 514 399 623 2
508 524 1020 611 investigatores
1059 529 1309 606 essent,
1328 528 1399 586 et
1419 522 1796 587 miraculum
1824 522 2053 588 videre
2073 542 2159 588 no
2203 536 2540 612 cuperent,
2561 529 2713 614 quia
2741 547 2866 595 nec

510 633 580 697 in
606 630 988 695 ‘Jerusalem
1029 614 1557 729 iussanctissimo
1599 629 1947 714 sepulchro
1987 629 2252 695 Domini
2314 632 2525 697 visuri
2564 651 2861 698 essemus

512 730 925 819 miraculum,
951 736 1197 839 quinto
1238 736 1453 799 minus
1498 735 1608 800 hic
1647 753 1960 819 quaerere
2005 736 2412 805 deberemus.
2458 741 2607 804 Hoc
2647 747 2864 804 autem

502 840 658 908 ideo
700 828 1079 925 di1i‚quia'
1120 840 1286 905 satis
1330 860 1473 904 rara
1520 848 1593 904 et
1635 842 1892 906 insolita
1953 842 2040 909 de
2079 844 2192 907 illa
2234 861 2434 907 oeuoe
2473 842 2861 929 audivimus,

452 960 683 1032 quae
722 946 811 1011 ibi
852 944 1250 1011 viderentur.
1295 946 1547 1031 Accepi
1589 964 1748 1031 erge
1787 954 1941 1031 post
1971 950 2133 1013 haec
2161 967 2499 1013 accensam
2528 949 2860 1013 candelam

513 1050 595 1115 ad
637 1067 943 1134 manus,
938 1057 1051 1115 .·.et
1082 1028 1363 1135 transivi
1418 1052 1499 1115 ad
1561 1050 1776 1117 locum
1832 1054 2082 1139 crucis,
2146 1062 2218 1118 et
2270 1057 2712 1139 sequebantur
2755 1071 2861 1117 me

510 1157 748 1221 fratres
803 1157 933 1219 mei
995 1158 1352 1241 peregrini:
1421 1163 1492 1221 et
1552 1157 1929 1240 capellanus
1979 1160 2413 1224 comitabatur
2476 1178 2601 1224 me.
2682 1160 2857 1222 Dum

512 1268 729 1329 sutem
779 1259 858 1324 ad
911 1260 1125 1326 locum
1177 1262 1594 1326 venissemus
1609 1308 1633 1347 ‚
1693 1262 2006 1346 patefecit
2047 1264 2421 1348 capellanus
2478 1265 2726 1348 locum,
2769 1265 2863 1328 ita

510 1364 689 1451 quod
748 1383 1013 1446 crucem
1065 1370 1356 1435 sanctam
1417 1366 1487 1431 in
1543 1376 1899 1451 prospectu
1954 1387 2170 1433 coram
2223 1368 2435 1433 oculis
2497 1370 2861 1435 habuimus.

366 1528 371 1535 .
510 1472 657 1555 Ego
700 1489 859 1557 ergo
915 1472 1163 1556 primus
1204 1471 1460 1537 accessi
1504 1479 1575 1535 et
1630 1490 1892 1537 crucem
1936 1472 2358 1538 deosculatus
2399 1475 2534 1559 fui,
2596 1492 2869 1558 eamque

510 1574 907 1702 Qtius
926 1568 1137 1669 ,ἶῷιςος1
1228 1580 1440 1642 retro
1493 1581 1823 1662 perspexi.
1907 1578 2167 1644 Deinde
2223 1588 2647 1644 accesserunt
2702 1578 2868 1643 socii

512 1672 640 1747 mei
655 1686 678 1766 ‚'
718 1701 863 1747 eam
916 1677 1201 1747 lio‘iiorii
1157 1672 1338 1767 ntes,
1396 1691 1465 1747 et
1534 1683 1883 1768 diligenter
1934 1685 2425 1750 considerantes
2485 1702 2659 1748 unus
2713 1690 2867 1768 post

468 1788 731 1855 -alinum
811 1789 939 1851 Est
1007 1795 1225 1852 autem
1270 1806 1432 1852 onix
1485 1792 1652 1852 satis
1708 1807 1972 1875 magua,
2031 1793 2110 1855 ab
2154 1793 2477 1855 anteriore
2531 1797 2717 1874 parte
2758 1809 2866 1852 ar-

512 1894 774 1978 genteis
842 1890 1097 1956 laminis
1157 1892 1481 1957 deauratis
1536 1896 1828 1979 obtecta,
1880 1895 2001 1960 sed
2044 1897 2113 1961 in
2158 1903 2343 1980 parte
2383 1914 2551 1981 quae
2600 1894 2867 1977 respicit

514 2017 788 2081 mirum,
826 1996 999 2061 nuda
1042 2005 1207 2082 est,⁴
1360 2006 1366 2012 ·
1478 1998 1636 2063 chro
1679 2008 1749 2064 et
1807 2019 1970 2066 sano
2011 2001 2225 2087 ligno,
2269 2020 2347 2066 ac
2404 2002 2465 2065 si
2515 2006 2695 2063 esset
2737 2017 2866 2083 cy-

496 2120 804 2187 pressus.
892 2103 987 2178 ‚Et
1030 2103 1316 2187 dicuntff,
1356 2102 1517 2173 'uod
1574 2105 1666 2167 sit
1707 2123 1869 2170 crux
1916 2106 2245 2191 Dysmae,
2300 2106 2563 2171 latronis
2626 2103 2863 2186 dextri,

514 2210 624 2273 cui
665 2208 986 2272 Dominus
1024 2207 1230 2272 Jesus
1272 2210 1341 2272 in‘
1382 2227 1578 2273 cruce
1626 2213 1925 2294 promisit
1964 2210 2372 2296 paradysum.
2431 2211 2601 2276 Nam
2642 2216 2868 2273 sancta

513 2311 790 2401 Helena,
826 2313 978 2378 dum
1021 2322 1162 2399 tres
1202 2316 1567 2379 iuvenIsset
1591 2333 1824 2379 cruces
1861 2319 1987 2381 sub
2034 2325 2254 2381 monte
2274 2315 2632 2397 calvariae,
2675 2332 2864 2379 unam

518 2436 803 2504 crucem,
858 2418 1466 2507 scfflcet‘.Gesmae‚
1529 2420 1778 2485 sinistri
1830 2420 2119 2507 latronis,
2162 2421 2418 2505 abjecit.
2501 2418 2867 2493 Secundam

516 2541 800 2609 crucem,
836 2520 1150 2609 Byzan-¹3,-
1193 2527 1321 2588 sibi
1340 2526 1622 2590 retinuit.
1652 2527 1934 2591 Tertiam
1977 2546 2139 2592 vero
2158 2526 2408 2591 Christi
2448 2544 2704 2592 crucem
2745 2527 2868 2589 toti

527 2628 769 2695 mundo
830 2630 1264 2725 honorandam
1329 2632 1642 2695 exhibuit.
1743 2630 2024 2697 Crucem
2136 2651 2295 2717 ergo
2355 2651 2541 2698 suam
2581 2632 2868 2716 Dymae

516 2736 840 2820 integram
876 2736 952 2800 in
993 2727 1284 2801 m6ntem
1328 2739 1509 2802 hunc
1546 2735 1633 2800 de
1679 2736 2045 2801 Jerusalem
2099 2736 2405 2820 adduxit,
2459 2744 2533 2801 st
2571 2738 2680 2801 hic
2719 2752 2867 2800 mo·-

520 2842 883 2919 nachorum.
912 2844 1380 2908 monasterium
1439 2843 1805 2908 construxit
1867 2859 2203 2927 magnum,
2263 2851 2330 2905 et
2372 2843 2714 2907 eeclesiam
2734 2885 2756 2924 ,
2795 2842 2868 2904 in

519 2954 714 3031 quam
756 2952 1018 3010 crucem
1066 2949 1234 3013 hanc
1271 2955 1577 3033 tanquam
1632 2947 2182 3031 singularissimas
2216 2947 2523 3032 reliqulas
2555 2946 2869 3028 reposuit,

520 3061 594 3115 et
625 3051 812 3134 juxta
853 3052 1052 3117 altare
1101 3053 1170 3115 in
1229 3072 1413 3117 muro
1478 3051 1915 3116 habitaculum
1980 3053 2128 3116 sive
2192 3048 2671 3116 reservaculum
2736 3045 2866 3112 sibi

518 3157 815 3220 manui
879 3155 1063 3220 fecit:
1120 3175 1395 3241 eamque
1434 3156 1584 3220 illac
1657 3158 1896 3240 posuit.
1981 3159 2067 3221 Et
2108 3157 2200 3221 ibi
2265 3174 2478 3241 usque
2518 3171 2693 3216 nunc
2733 3160 2868 3216 stat

527 3261 856 3342 irremota,
921 3264 1222 3346 quamvis
1276 3263 1490 3345 ipsun
1531 3263 1994 3327 monasterium
2046 3259 2289 3325 dudum
2332 3262 2420 3325 sit
2457 3276 2576 3344 per
2614 3259 2869 3322 'furcos

526 3373 599 3428 et
637 3385 758 3451 per
823 3366 1219 3431 Sarracenos
1284 3364 1580 3431 funditus
1646 3386 1985 3452 eversum,
2053 3377 2121 3432 et
2160 3366 2455 3433 monachi
2506 3363 2752 3430 ordinis
2793 3361 2865 3426 S.

526 3472 904 3551 Benedicti,
967 3472 1252 3549 cultores
1323 3471 1484 3555 loci,
1547 3473 1682 3536 sint
1741 3471 2042 3556 dispersi.
2140 3472 2342 3538 Porro
2406 3471 2714 3536 mirabilis
2767 3476 2871 3533 est

527 3576 722 3661 hujus
763 3581 980 3646 crucis
1021 3577 1259 3663 positio
1298 3580 1448 3641 sive
1488 3576 1728 3642 locatio
1768 3578 1838 3642 in
1866 3578 2033 3643 loco.
2075 3576 2227 3642 Stat
2253 3577 2475 3642 enim
2454 3597 2523 3641 ιιι
2559 3576 2868 3657 fenestra,

524 3702 659 3746 non
700 3687 1037 3770 perspicua
1090 3687 1233 3769 ipsa
1276 3702 1476 3768 crux3
1518 3691 1586 3747 et
1623 3685 1812 3747 ambo
1850 3684 2109 3747 brachia
2143 3682 2291 3766 ejus
2331 3691 2489 3747 sunt
2530 3682 2869 3747 foramini-

514 3791 652 3853 ·bus
693 3791 761 3853 in
803 3810 986 3856 muro
1023 3790 1217 3854 factis
1258 3791 1569 3873 immissa,
1602 3798 1668 3852 et
1704 3806 1826 3873 pes
1868 3790 2085 3855 crucis
2119 3787 2420 3855 foramini
2472 3787 2870 3851 fundamenti

526 3900 634 3957 est
695 3896 1047 3960 immissus.
1149 3893 1324 3958 Sunt
1391 3902 1607 3958 tamen
1685 3894 1998 3958 foramina
2079 3894 2483 3958 brachiorum
2547 3898 2618 3953 et
2680 3888 2868 3972 pedis

528 4000 793 4083 magna‚·
814 4018 817 4021 ¹
841 4003 928 4063 ita
965 4000 1144 4085 quod
1190 4018 1323 4065 non
1363 4006 1468 4065 est
1523 4001 1852 4083 proportio
1904 4018 2128 4063 eorum
2191 3997 2273 4062 ad
2329 3993 2675 4076 foramina,
2744 4009 2870 4056 nec

525 4109 742 4185 tamen
783 4108 997 4189 tangit
1059 4126 1346 4191 murum,
1410 4102 1529 4169 sed
1594 4102 1798 4166 libera
1839 4109 1910 4167 et
1948 4103 2163 4167 soluta
2204 4108 2312 4165 est
2352 4102 2431 4164 ab
2474 4099 2648 4163 omni
2690 4104 2872 4180 parte

526 4228 564 4269 a
604 4217 905 4273 contactu
950 4212 1148 4293 muri3
1212 4219 1283 4274 et
1323 4211 1450 4276 hoc
1490 4217 1595 4273 est
1637 4207 1927 4271 mirabile
1989 4207 2294 4270 famatum
2339 4204 2428 4270 de
2471 4203 2596 4268 hac
2650 4220 2871 4287 cruce,

396 4364 402 4371 .
524 4314 700 4399 quod
758 4317 904 4378 sine
964 4314 1338 4380 fulcimento
1403 4314 1680 4400 pendeat
1722 4314 1793 4375 in
1848 4315 2029 4398 aere,
2092 4320 2159 4375 et
2217 4328 2368 4375 cum
2417 4311 2546 4375 hoc
2605 4316 2739 4373 stat
2780 4311 2872 4372 ita

523 4418 812 4505 firmiter,
847 4439 924 4485 ac
964 4424 1023 4486 si
1063 4420 1467 4487 solitissimis
1509 4419 1721 4485 clavis
1747 4425 1931 4484 mot
1955 4416 2170 4504 affixa,
2188 4416 2302 4485 vel
2333 4434 2519 4483 muro
2557 4433 2872 4500 connexa,
