3242 5259
344 512 490 578 loco
527 524 749 598 ¹genua
784 513 1115 596 fluimus,
1178 521 1245 587 et
1284 515 1549 581 adorato
1587 516 1869 581 Domino
1930 517 2374 604 indulgentias
2414 523 2681 607 mopi-

345 638 494 689 mus
532 619 671 703 st).
771 617 1188 685 Maximo
1250 620 1341 683 ibi
1398 619 1483 683 ad
1555 621 1926 685 memoriam
1992 624 2229 708 impias
2288 626 2685 695 Judaeorum

344 722 799 790 accusationes
842 721 1122 807 Christi,
1177 732 1245 789 et
1284 724 1855 809 proclamationem
1914 727 2258 816 injustam,
2288 728 2391 797 ‘et
2440 730 2688 818 J’udicis'

341 829 570 913 injusti
623 836 866 893 metum
881 872 904 913 ,
966 836 1037 892 et
1083 826 1330 893 Christi
1386 828 1715 894 silentium
1730 874 1751 912 ,
1810 841 1880 895 et
1919 832 2153 917 multa,
2219 853 2390 919 quae
2449 841 2518 902 in
2562 841 2689 906 boc

344 935 494 1000 loco
531 944 722 999 sacro
766 934 1195 1018 contigerunt.

341 1168 463 1247 De
516 1156 886 1272 praetorio
925 1157 1042 1246 ,et'
1077 1167 1293 1246 domo
1340 1168 1587 1263 Pilati,
1640 1169 1715 1246 in
1760 1197 1902 1277 qua
1949 1172 2306 1284 Dominus
2352 1177 2688 1279 flagella-

572 1298 728 1385 ωε,
778 1297 1163 1367 coronatus
1222 1298 1302 1367 et
1348 1289 1837 1394 multipliciter
1882 1306 2201 1374 vexatus
2249 1298 2410 1375 fuit.

516 1472 935 1539 Orationibus
998 1473 1203 1537 finitis
1257 1473 1325 1533 in
1391 1470 1536 1535 loco
1595 1473 1892 1557 praefato
1953 1478 2388 1564 surreximus,
2450 1486 2520 1543 et
2571 1496 2690 1565 per

345 1595 571 1642 arcum
605 1576 743 1661 jam
786 1577 1027 1642 dictum
1069 1577 1526 1660 transivimus,
1569 1586 1638 1641 et
1675 1578 1759 1642 ad
1806 1578 2063 1645 domum
2108 1582 2303 1647 Pilati
2361 1586 2688 1669 venimus,

341 1685 412 1748 in
453 1701 585 1768 qua
624 1683 844 1767 domo,
886 1692 1129 1769 quanta
1169 1683 1490 1747 Dominus
1531 1683 1735 1746 Jesus
1776 1686 2188 1771 sustinuerit,
2238 1688 2460 1754 nullus
2489 1688 2688 1753 Chri-

345 1788 599 1852 stianus
654 1788 926 1871 ignorat.
1011 1789 1194 1879 Erat·
1234 1789 1302 1851 in
1358 1805 1439 1850 ea
1505 1791 1927 1874 praetorium,
2010 1792 2079 1855 in
2136 1793 2308 1876 quod
2367 1796 2688 1857 Dominus

346 1894 554 1957 Jesus
596 1891 775 1956 duris
818 1892 1095 1955 nexibus
1135 1893 1403 1956 vinctus
1467 1900 1534 1957 et
1579 1904 1817 1959 catena
1859 1894 2071 1958 ferrea
2112 1897 2281 1962 collo
2323 1892 2689 1962 circumda-

345 2005 459 2062 tus
495 1997 701 2080 judici
743 1996 1260 2079 praesentandus
1304 1995 1427 2061 mit
1478 1997 1752 2082 ductus,
1794 2008 2182 2086 accusatae,
2250 2004 2682 2087 examinatus,

347 2102 432 2166 ad
492 2102 828 2167 Herodem
866 2104 1142 2183 missus,
1198 2110 1266 2166 et
1305 2105 1537 2167 iterum
1588 2104 1897 2169 reductus
1955 2108 2023 2170 in
2066 2108 2238 2172 hanc
2281 2107 2571 2193 domum,
2617 2114 2687 2172 et

347 2209 789 2290 interrogatus
802 2253 825 2291 ,
897 2206 1269 2292 flagellatus
1293 2253 1315 2292 ,
1378 2209 1588 2291 spinis
1666 2219 2010 2275 coronatus
2025 2257 2045 2294 ,
2118 2218 2189 2275 et
2250 2210 2686 2295 multipliciter

349 2310 626 2396 derisus,
667 2319 737 2376 et
779 2312 1011 2396 plenus
1053 2313 1414 2396 opprobriis
1452 2313 1691 2397 populo
1734 2314 1854 2378 fuit
1898 2324 2225 2382 ostensus.
2285 2317 2465 2379 Ante
2507 2316 2684 2379 sores

344 2417 542 2501 igitur
582 2418 756 2482 illius
791 2415 1021 2481 domus
1063 2418 1130 2481 in
1171 2425 1410 2481 terram
1441 2435 1563 2482 nos
1596 2420 2067 2502 prostravimus
2099 2439 2247 2485 cum
2282 2421 2483 2485 multo
2507 2421 2685 2503 fletu,

347 2531 417 2586 et
456 2524 780 2586 orationes
820 2524 890 2585 in
937 2523 1403 2607 processionali
1467 2525 1909 2608 praescriptas
1971 2524 2288 2610 diximus',
2360 2534 2427 2589 et
2466 2524 2686 2588 indul-

346 2628 606 2709 gentias
661 2626 827 2710 (††)
894 2629 1226 2711 plenariae
1283 2628 1686 2693 remissionis
1762 2631 2160 2714 accepimus,
2216 2638 2286 2693 et
2340 2639 2686 2715 surgentes

351 2729 606 2813 lapides
635 2732 954 2814 parietum
988 2730 1343 2798 deosculati
1380 2748 1626 2797 sumus.
1670 2734 2133 2799 Libentissime
2164 2744 2377 2800 autem
2422 2735 2682 2799 domum

346 2834 521 2898 illam
569 2838 851 2919 ingressi
903 2837 1290 2922 fuissemus,
1333 2837 1454 2902 sed
1497 2838 1961 2927 inhabitatores
2002 2838 2148 2923 ejus
2190 2839 2497 2904 nolebant
2537 2856 2683 2903 eam

348 2940 631 3024 aperire,
672 2941 1007 3004 stabamus
1048 2958 1329 3027 namque
1369 2951 1523 3006 ante
1567 2943 1820 3008 domum
1838 2989 1860 3027 ,
1903 2945 2077 3008 sicut
2115 2943 2356 3009 Judaei
2396 2944 2681 3029 stabant,

350 3044 610 3130 quando
652 3044 987 3110 Christum
1018 3046 1225 3130 judici
1264 3045 1475 3130 (180
1495 3047 1603 3133 A)
1650 3051 2173 3134 praesentabant,
2224 3051 2339 3136 qui
2380 3049 2679 3113 nolentes

347 3150 602 3235 ingredi
651 3153 822 3216 hanc
863 3151 1155 3236 domum,
1195 3159 1273 3216 ut
1314 3170 1444 3216 non
1487 3156 2111 3241 contaminarentur,
2167 3155 2288 3220 sed
2330 3154 2687 3220 manduca-

349 3264 494 3319 rent
531 3256 810 3339 pascha,
874 3275 998 3320 nos
1040 3276 1198 3321 vcro
1242 3259 1611 3340 optavimus
1654 3260 1807 3323 totis
1852 3261 2247 3344 praecordiis
2289 3260 2575 3345 ingredi,
2615 3268 2689 3324 ut

351 3362 936 3426 contaminationes
995 3370 1256 3425 nostrae
1298 3370 1368 3426 et
1425 3363 1865 3428 immunditiae
1925 3366 2422 3452 mundarentur,
2490 3375 2556 3430 et
2614 3374 2689 3429 ut

348 3465 563 3548 magis
623 3464 1205 3551 sanctificaremur,
1271 3467 1394 3531 sed
1457 3469 1818 3534 intromissi
1879 3489 2009 3535 non
2077 3473 2320 3536 fuimus
2373 3490 2490 3555 pro
2560 3471 2688 3536 bac

347 3571 518 3633 vice.
628 3571 795 3633 Post
858 3588 1190 3649 recessum
1257 3581 1469 3639 autem
1540 3572 1811 3638 militum
1875 3592 1917 3638 a
1978 3575 2346 3639 Jerusalem
2408 3578 2477 3637 in
2542 3591 2686 3637 cam

349 3677 653 3740 venimus
693 3693 813 3759 per
851 3677 1226 3760 practicam,
1269 3677 1437 3740 sicut
1482 3676 1738 3741 dicetur
1778 3678 1948 3741 infra
1993 3680 2101 3743 sol.
2124 3679 2273 3745 231.
2318 3679 2391 3742 B.
2435 3678 2686 3743 Domus

344 3780 496 3864 illa,
546 3782 850 3866 quamvis
888 3801 1007 3865 per
1047 3783 1260 3845 'ritum
1306 3781 1501 3844 fuerit
1540 3800 1687 3845 cum
1732 3781 1876 3845 aliis
1918 3801 2185 3868 eversa,
2238 3791 2689 3850 remanserunt

345 3893 566 3949 tamen
611 3886 780 3950 muri
833 3887 1069 3971 aliqui,
1138 3904 1337 3970 super
1376 3903 1543 3971 quos
1595 3887 1666 3950 in
1725 3886 2247 3954 reaedificatione
2287 3890 2445 3954 alia·
2457 3888 2686 3955 domus

345 3990 474 4055 fuit
514 3999 919 4076 constructa,
965 4001 1034 4056 et
1071 3993 1165 4055 ita
1199 3990 1462 4074 species
1498 3990 1731 4074 prioris
1774 3990 2004 4056 domus
2039 3994 2275 4059 ablata.
2340 3996 2688 4061 Remansit

354 4104 577 4161 autem
619 4114 810 4161 arcus
850 4105 1110 4181 portae,
1166 4116 1285 4180 per
1325 4112 1518 4180 quam
1582 4096 1899 4161 Dominus
1946 4098 2248 4165 inductus
2289 4110 2355 4165 et
2411 4101 2687 4165 eductos

347 4210 484 4284 cst,
529 4211 596 4265 et
637 4218 811 4266 nune
852 4202 975 4266 sub
1016 4220 1170 4266 arcu
1213 4201 1324 4265 illo
1369 4218 1497 4265 non
1542 4211 1645 4265 cst
1681 4204 1991 4268 introitus
2032 4203 2296 4289 domus,
2348 4205 2466 4268 sed
2510 4204 2683 4287 alibi,

348 4311 414 4366 et
455 4306 720 4387 antiqua
760 4317 947 4390 porta
990 4316 1123 4370 stat
1164 4306 1449 4392 quidem,
1492 4306 1612 4370 sed
1661 4326 1839 4372 muro
1877 4309 2191 4374 obturata.
2257 4310 2429 4374 Sunt
2471 4318 2681 4374 autem

347 4406 416 4469 in
475 4408 795 4491 lapidibus
849 4412 1235 4496 capitalibus
1289 4421 1359 4476 et
1418 4411 1786 4477 arcualibus
1846 4417 2154 4500 antiquae
2215 4425 2440 4500 portae
2507 4422 2687 4480 rotae
