3242 5259
1478 345 1604 409 m

386 531 514 596 illis
553 535 802 619 tantum
844 525 1139 609 videtur,
1189 524 1426 609 quibus
1464 531 1570 586 est
1609 540 1794 596 mens
1834 525 2070 587 sanior.
2155 520 2326 585 Nam
2348 520 2716 586 ‚nonnullos

365 622 628 715 audivi,
671 634 784 715 qui
827 648 973 693 eam
996 631 1394 695 ,asserebant
1435 645 1512 690 se
1553 627 1824 726 viuisse,
1868 645 2074 711 nuper
2111 637 2323 690 autem
2361 626 2718 709 Dyaeimus

388 758 575 803 amm.
643 732 746 818 [2]
810 735 1066 817 retulit,
1141 733 1310 817 quod
1381 750 1525 796 eam
1590 736 1877 816 quinque
1908 733 2183 815 ‚vicibus
2253 731 2527 813 aspexit,
2597 728 2716 793 sed

388 843 642 909 duobus
683 847 929 907 tantum
972 840 1288 922 apparuit.

388 1074 508 1150 De
563 1032 887 1148 secundo
955 1092 1184 1170 specu
1251 1068 1507 1148 beatae
1575 1036 1910 1172 Virginis
1987 1079 2063 1146 et
2127 1069 2222 1143 de
2300 1070 2467 1167 ejus
2524 1066 2750 1141 lacte,

1325 1190 1766 1294 apocrypho.

557 1374 710 1437 Non
786 1373 982 1456 longe
1041 1393 1082 1435 a
1142 1372 1457 1436 foramine
1508 1376 1833 1438 cisternae
1888 1382 1990 1437 est
2031 1372 2303 1453 ostium,
2367 1386 2495 1453 per.
2545 1365 2722 1451 quod

389 1479 672 1564 ingressi
724 1495 951 1542 sumus
989 1478 1056 1539 in
1108 1496 1306 1543 unum
1364 1477 1559 1540 alium
1626 1497 1894 1561 specum
1916 1525 1935 1562 ,
1994 1477 2105 1562 qui
2166 1473 2558 1541 venerabilis
2615 1482 2721 1536 est

391 1592 653 1666 propter
709 1581 1236 1644 inhabitationem
1283 1581 1512 1644 beatae
1554 1576 1805 1646 Mariae
1845 1584 2159 1664 Virginis.
2246 1582 2513 1644 Dicunt.
2549 1578 2720 1640 enim

391 1687 734 1769 historiae,
798 1683 970 1768 quod
1028 1684 1112 1747 ad
1162 1683 1663 1769 divulgptionem
1707 1696 2039 1770 pastorum
2108 1694 2173 1749 et
2229 1683 2310 1749 ad
2367 1684 2722 1747 adventum

390 1793 583 1856 trium
643 1809 869 1875 regum
938 1798 1258 1852 venerunt
1322 1788 1504 1855 multi
1578 1790 1669 1854 do
1715 1791 2080 1854 Jerusalem
2101 1836 2121 1873 ,
2187 1801 2271 1854 et*
2310 1788 2392 1853 ad
2448 1804 2718 1879 specum

387 1896 672 1980 ingressi
712 1910 1010 1978 puerum
1043 1911 1191 1956 cum
1233 1894 1445 1959 Maria
1503 1904 1707 1958 matre
1763 1895 1907 1978 eJus
1947 1896 2442 1959 venerabantur.
2529 1888 2723 1969 Quod

390 2003 604 2065 Maria
671 2014 947 2064 cerneus
1015 2005 1083 2059 et
1146 1997 1473 2062 Herodem
1538 2006 1836 2062 metuens
1908 2000 2073 2084 fugit
2155 2001 2323 2064 clam
2387 1999 2470 2062 de
2531 2006 2722 2060 ante-

394 2107 545 2169 riori
627 2113 849 2186 antro,
941 2111 1008 2164 et
1079 2103 1441 2167 interiorem
1510 2105 1815 2187 ingressa
1887 2106 1978 2167 ibi
2047 2106 2302 2168 occulte
2375 2103 2718 2167 residebat.

392 2209 757 2292 Dereliquit
813 2214 1030 2270 autem
1084 2207 1153 2269 in
1208 2209 1511 2271 anteriori
1564 2215 1755 2299 antro
1812 2227 1897 2272 ex
1940 2209 2316 2272 festinantia
2365 2207 2590 2289 jacere
2651 2206 2721 2268 in

394 2314 740 2398 praesepio
782 2312 1113 2375 camisiam
1156 2311 1434 2395 longam,
1475 2313 1544 2375 in
1588 2330 1717 2399 qua
1757 2315 1985 2395 genuit
2024 2312 2217 2393 juxta
2248 2330 2490 2374 morem
2523 2328 2723 2392 pner-

392 2436 690 2503 perarum
731 2419 802 2478 in
844 2416 972 2478 illis
1009 2417 1221 2483 teu'is.
1305 2415 1674 2500 Dereliquit
1713 2420 1902 2480 etiam
1945 2434 2217 2500 pannos,
2261 2416 2497 2498 quibus
2518 2404 2722 2497 primo

393 2522 758 2607 involverat
801 2540 1091 2604 puerum,
1134 2529 1201 2582 et
1232 2520 1536 2604 lapidem,
1578 2540 1771 2605 quem
1814 2522 2010 2605 capiti
2044 2520 2226 2603 pueri
2268 2526 2721 2607 supposuerat,

396 2636 464 2690 et
515 2627 794 2707 foenmn,
835 2626 1074 2708 imque
1110 2624 1333 2707 jacuit.
1434 2625 1557 2689 Illa
1593 2628 1808 2688 omnia
1851 2628 1920 2688 in
1962 2624 2302 2708 praesepio
2344 2628 2721 2689 manserunt

398 2740 464 2795 et
506 2736 894 2794 conservata
936 2729 1193 2807 fuerunt
1235 2732 1489 2812 integra
1530 2738 1594 2792 et
1645 2729 2282 2825 incorruptacdivino
2322 2736 2485 2791 nutu
2529 2728 2610 2789 ab
2643 2743 2722 2787 eo

398 2844 686 2919 temore
724 2850 937 2916 usque
997 2832 1081 2896 ad
1135 2842 1426 2918 tempora
1465 2832 1536 2897 S.
1581 2834 1896 2917 Helenae,
1958 2826 2125 2916 qu'ae
2178 2851 2264 2895 ea
2327 2832 2565 2914 reperit
2578 2872 2611 2912 ,.
2652 2838 2723 2893 ut

397 2939 647 3024 patebit
683 2935 979 3009 (01.478.
1023 2937 1107 2999 Δ.

565 3043 766 3105 Porro
797 3041 865 3104 in
906 3039 1221 3123 spelunea
1244 3041 1554 3126 secunda,
1598 3042 1666 3105 iu
1693 3056 1890 3125 quum
1918 2986 2323 3127 confugerat,
2367 3048 2506 3104 erat
2538 3046 2725 3123 petra

397 3147 508 3211 vel
549 3163 781 3229 rupes,
825 3163 996 3228 quae
1035 3147 1471 3229 prominebat,
1535 3148 1601 3208 in
1646 3164 1776 3230 qua
1812 3147 2061 3211 solebat
2101 3147 2477 3211 beatissima
2514 3143 2727 3209 Maria

399 3249 634 3315 sedere
655 3247 739 3312 ad
773 3249 1142 3317 lactandum
1169 3269 1457 3333 puerum.
1544 3249 1839 3333 Contigit
1872 3260 2087 3319 autem
2109 3269 2268 3319 casu
2292 3250 2397 3314 die
2427 3248 2724 3332 quadam,

323 3410 340 3417 -
398 3353 577 3438 quod
617 3353 701 3417 de
739 3355 1021 3418 mamilla
1040 3340 1336 3438 Virginis
1376 3363 1563 3439 gutta
1601 3354 1796 3417 lactis
1836 3355 2073 3419 ceeidit
2108 3372 2309 3439 super
2346 3364 2616 3438 petram,
2659 3360 2728 3413 et

399 3454 486 3521 de
526 3463 717 3540 petra
777 3455 1077 3523 deorsum
1134 3459 1384 3535 stillare
1437 3459 1653 3541 coepit
1707 3477 1793 3522 ex
1834 3468 1990 3523 tunc
2010 3504 2032 3542 ,
2087 3477 2298 3543 usque
2346 3475 2553 3541 nunc,
2615 3454 2727 3537 qui

269 3648 278 3655 .
395 3563 632 3626 humor
671 3568 772 3623 est
813 3560 1005 3626 lactei
1046 3562 1316 3643 eoloris,
1357 3561 1610 3627 medica
1652 3560 1962 3626 rubedine
2003 3565 2282 3646 mixtus,
2347 3579 2469 3625 nec
2512 3566 2728 3643 potest

395 3665 689 3730 cohiberi
739 3663 924 3727 stilla
981 3664 1112 3728 illa.
1201 3665 1536 3749 Peregrini
1591 3676 1807 3729 autem
1864 3677 2236 3749 supponunt
2294 3664 2592 3746 viniola,
2657 3661 2736 3726 et‘

391 3779 628 3854 guttas
669 3767 1046 3833 decidentes
1082 3771 1350 3852 capiunt
1389 3778 1460 3832 et
1502 3769 1584 3832 ad
1629 3773 2091 3835 transmarinas
2124 3780 2346 3855 partes
2410 3769 2730 3849 deferunt,

396 3875 729 3955 dicentes,
773 3890 926 3936 esse
964 3874 1069 3937 lac
1111 3877 1344 3938 beatae
1377 3874 1696 3956 Virginis.
1782 3875 1941 3951 Inde
1982 3883 2121 3960 est,
2182 3874 2354 3960 quod
2396 3876 2464 3938 in
2508 3872 2729 3937 multis

400 3979 702 4045 eeclesiis
744 3979 913 4041 inter
956 3978 1259 4062 reliquias
1302 3976 1662 4041 ostenditur
1696 3978 1801 4040 lac
1842 3979 2073 4042 beatae
2092 3981 2181 4042 V‘
2158 3980 2410 4063 irgiuis,
2451 3980 2624 4041 sieut
2660 3976 2729 4041 in

410 4084 686 4148 Colonia
739 4080 824 4145 ad
878 4081 1082 4144 altare
1144 4085 1213 4145 in
1264 4081 1620 4166 Capitolio,
1685 4092 1751 4145 et
1811 4084 1879 4146 iu
1912 4084 2266 4181 Kyrchen,
2332 4080 2731 4155 monasterio

397 4187 774 4259 monialium
797 4184 1062 4250 Ordinis
1080 4184 1290 4268 (ΝΩ
1326 4186 1435 4266 B)
1476 4176 2017 4250 Praedicatorum.
2103 4188 2190 4249 Et
2230 4188 2408 4250 hinc
2423 4184 2576 4247 inde
2613 4200 2734 4266 per

407 4291 682 4372 ltaliam,
703 4291 1067 4373 Franciam,
1105 4300 1173 4353 et
1191 4290 1661 4354 Alemantlam.
1748 4293 1834 4354 Et
1868 4307 2068 4375 saepe
2094 4301 2246 4371 ante
2269 4288 2734 4372 experientiam

411 4396 677 4458 miratus
741 4395 869 4477 ni,
925 4394 1099 4458 uutle
1151 4393 1254 4459 lac
1317 4395 1477 4460 illud
1519 4405 1735 4479 esset,
1801 4395 1909 4461 vel
1963 4414 2004 4459 a
2065 4415 2196 4480 quo
2244 4393 2603 4459 collectum
2668 4396 2735 4449 et

2257 4494 2328 4550 29
