3242 5259
1715 311 1847 378 288

603 508 754 565 sunt
797 498 891 563 illi
932 505 1155 581 petrae
1181 495 1518 577 impressa,
1550 493 1665 575 ita,
1700 501 1772 556 ut
1802 507 2119 555 manuum·
2140 495 2210 552 et
2235 486 2672 573 brachiorum,
2714 492 2965 576 capitis

603 613 671 669 et
725 603 1028 688 pilorum,
1091 600 1375 685 pectoris
1428 607 1494 661 et
1535 598 2070 662 vestimentorum
2110 592 2386 676 figuram
2427 593 2717 677 perfecit.
2802 596 2965 661 Nee

603 716 820 793 potest
872 706 1230 790 suspicari,
1290 703 1463 789 quod
1521 702 1739 786 aliqua
1794 709 1933 763 arte
1996 697 2105 764 vel
2162 699 2614 797 instrumentis
2662 701 2797 763 sint
2838 700 2964 765 illa

604 813 991 878 lineamenta
1035 809 1231 892 facta,
1275 808 1396 872 sed
1438 818 1555 892 pro
1596 806 1710 871 illo
1753 813 2101 885 momento,
2145 822 2272 888 quo
2296 804 2621 867 Dominus
2650 807 2965 870 anxiatus

604 919 912 1002 parietem
970 914 1273 997 incurrit,
1337 913 1609 997 figuram
1664 912 1906 1001 recepit
1962 927 2161 992 supra
2206 915 2408 971 artem
2464 915 2532 970 et.
2568 905 2963 974 industriam

605 1024 979 1103 formatam,
1039 1037 1118 1083 ac
1161 1020 1221 1083 si
1261 1027 1492 1081 natura
1534 1017 1612 1080 ab
1660 1017 1844 1079 initio
1887 1014 2158 1078 formam
2208 1011 2383 1075 illam
2426 1010 2626 1094 lapidi
2666 1015 2964 1097 praesti-

606 1129 818 1191 tisset.
906 1125 1030 1188 Est
1071 1132 1285 1187 autem
1327 1129 1515 1205 petra
1555 1120 1670 1184 illa
1711 1118 1872 1183 adeo
1926 1117 2106 1202 dura,
2149 1116 2320 1201 quod
2361 1118 2662 1182 incisioni
2694 1115 2965 1183 videtur

606 1235 871 1315 inepta,
936 1238 1003 1293 et
1059 1227 1256 1291 nullis
1317 1226 1727 1290 ferramentis
1784 1220 2094 1308 quidquid
2147 1223 2382 1307 deponi
2434 1232 2670 1307 potest.
2761 1222 2966 1289 Circa

604 1336 778 1421 hunc
832 1335 1027 1418 igitur
1078 1333 1389 1416 parietem
1450 1330 1925 1414 prostravimus
1980 1345 2137 1411 nos,
2202 1337 2270 1392 et
2319 1330 2718 1393 orationibus
2763 1318 2964 1397 dicti's

603 1440 1029 1523 surreximus,
1071 1445 1138 1501 et
1188 1436 1432 1520 singuli
1486 1453 1655 1499 unus
1713 1442 1864 1517 post
1907 1431 2105 1496 alium
2149 1435 2694 1520 accessimus,'et
2724 1454 2964 1502 sacrae

605 1546 1017 1632 impressioni
1047 1561 1317 1627 corpora
1343 1551 1584 1626 nostra,
1629 1550 1814 1624 prout
1841 1539 2185 1623 potuimus,
2232 1539 2626 1626 induximus,
2666 1542 2963 1628 brachia,

606 1669 873 1735 manus,
936 1649 1231 1733 vultum,
1290 1657 1356 1712 et
1400 1656 1633 1733 pectus
1681 1642 2070 1709 concavitati
2110 1646 2549 1730 imponentes,
2610 1664 2733 1710 nos
2776 1648 2966 1732 ipsos

605 1757 733 1842 ipsi
789 1757 1039 1840 figurae
1094 1764 1714 1818 commensurantes.
1798 1755 1985 1816 Haec
2047 1759 2121 1814 ut
2162 1752 2429 1835 scripsi,
2480 1751 2690 1816 Deum
2734 1761 2964 1841 testor,

605 1862 706 1924 sie
752 1861 820 1923 in
861 1860 1136 1924 veritate
1176 1854 1311 1920 vidi
1354 1858 1420 1920 in
1474 1877 1617 1921 mea
1658 1859 1862 1940 prima
1904 1857 2422 1940 peregrinatione
2449 1901 2474 1942 ,
2515 1866 2583 1921 et
2610 1859 2963 1942 meipsum

605 1968 675 2028 in
717 1965 1000 2046 vestigia
1054 1961 1167 2024 illa
1214 1962 1568 2045 applicavi,
1628 1980 1796 2047 quae
1841 1971 2055 2026 tamen
2099 1964 2309 2026 virum
2352 1962 2549 2027 multo
2596 1963 2963 2048 longiorem

606 2068 1059 2150 ostendebant,
1102 2084 1292 2153 quam
1330 2086 1453 2150 ego
1497 2085 1662 2131 sum.
1747 2068 1837 2131 Et
1880 2066 1962 2130 de
2007 2068 2133 2131 hoc
2174 2067 2334 2131 facit
2374 2068 2755 2133 mentionem
2789 2070 2967 2133 Fra-

609 2182 711 2238 ter
744 2170 1136 2256 Burcardus‚
1181 2169 1443 2236 Ordinis
1480 2172 1950 2256 praedicatorii,
1992 2172 2105 2253 qui
2145 2181 2297 2239 aute
2317 2170 2449 2237 CC.
2497 2192 2702 2238 annos
2744 2175 2967 2239 multis

607 2280 1004 2363 temporibus
1058 2278 1127 2341 in
1173 2285 1346 2340 terra
1398 2286 1632 2340 sancta
1673 2276 1931 2360 deguit,
1993 2285 2059 2338 et
2122 2277 2329 2360 ipsam
2389 2286 2622 2342 terram
2666 2290 2963 2343 sanctam

606 2404 726 2469 per
766 2392 968 2449 totum
1011 2382 1224 2446 lucide
1266 2390 1336 2446 et.
1375 2382 1550 2446 clare
1590 2381 1972 2464 descripsit,
2028 2389 2093 2443 et
2143 2382 2349 2463 hanc,
2404 2380 2486 2445 de
2541 2400 2672 2467 qua
2712 2381 2965 2469 loquor,

607 2486 882 2574 figuram
918 2497 1140 2571 petrae
1189 2485 1385 2571 vidit,
1425 2496 1488 2549 et
1534 2506 1678 2553 eam
1723 2487 2047 2573 describit.
2138 2484 2273 2549 Sed
2315 2485 2470 2571 quid
2514 2504 2685 2550 nunc
2726 2487 2964 2572 dicam,

607 2612 874 2678 prorsus
915 2595 1162 2678 ignoro,
1216 2600 1285 2654 et
1325 2595 1661 2675 erubesco,
1695 2593 1890 2655 miror
1931 2609 2079 2654 cum
2130 2598 2418 2673 stupore,
2462 2591 2616 2675 quid
2650 2593 2964 2657 acciderit

614 2698 697 2764 do
738 2698 853 2763 illa
887 2707 1094 2783 petra,
1136 2714 1260 2761 uec
1299 2697 1618 2783 suspicari
1659 2714 1947 2780 possum.
2010 2695 2185 2758 Nam
2225 2696 2293 2759 in
2335 2695 2461 2760 hac
2503 2715 2651 2760 mea
2672 2698 2967 2763 secunda

609 2804 1133 2888 peregrinatione
1190 2801 1277 2867 ad
1330 2805 1546 2867 omnia
1600 2802 1747 2867 loca
1798 2799 2092 2885 praefata
2150 2799 2322 2865 ducti
2381 2799 2656 2883 fuimus,
2711 2810 2963 2884 petram

610 2917 831 2974 autem
876 2908 1055 2971 illam
1095 2926 1221 2973 nec
1259 2907 1563 2993 vidimus,
1610 2925 1734 2975 nec
1777 2908 2164 2971 mentionem
2208 2903 2293 2969 de
2345 2923 2427 2967 ea
2468 2905 2852 2990 audivimus,
2894 2917 2967 2971 et

611 3013 704 3077 ita
738 3013 1001 3087 Domini
1042 3014 1170 3077 mei
1211 3013 1451 3078 milites
1491 3032 1640 3079 cum
1696 3012 1844 3076 aliis
1879 3011 2238 3094 peregrinis
2284 3021 2729 3094 recesserunt,
2788 3012 2965 3096 quod

610 3117 772 3181 nihil
817 3116 899 3180 ‹le
940 3116 1053 3181 illa
1092 3125 1279 3200 petra
1318 3116 1682 3187 audierunt.
1767 3116 1929 3181 Post
1971 3134 2185 3179 eorum
2235 3132 2602 3199 recessum,
2644 3135 2788 3180 cum
2832 3119 2963 3181 iam

587 3220 891 3303 ’quietior
941 3219 1083 3284 fleri
1122 3232 1351 3303 posset
1389 3222 1679 3287 locorum
1718 3222 2042 3302 visitatio,
2104 3237 2229 3302 ego
2271 3220 2453 3284 solus
2496 3221 2840 3306 aliquoties
2881 3223 2969 3287 ad

613 3331 890 3387 montem
950 3322 1197 3387 oliveti
1248 3327 1554 3410 transivi,
1616 3334 1866 3409 petram
1921 3325 2098 3388 illam
2155 3322 2651 3408 diligentissime
2711 3328 2777 3391 in
2821 3327 2966 3392 loco

616 3427 1028 3495 Gethsamini
1069 3431 1392 3515 quaesivi,
1429 3448 1632 3515 supra
1673 3439 1742 3494 et
1780 3431 1971 3514 infra,
2005 3428 2199 3512 juxta
2220 3438 2287 3492 et
2317 3432 2515 3513 circa,
2553 3432 2673 3497 sed
2706 3434 2969 3499 minime

615 3535 859 3597 inveni.
950 3532 1246 3614 Quodam
1298 3535 1406 3601 die
1458 3537 1745 3601 assunsi
1793 3553 2042 3599 meeum
2088 3531 2417 3599 dominum
2465 3536 2842 3601 Heinricum
2885 3537 2971 3601 de

615 3637 1062 3724 Schomberg‚
1104 3640 1406 3724 militem,
1458 3644 1673 3706 virum
1713 3649 2080 3716 strenuum,
2121 3647 2188 3701 et
2229 3639 2312 3704 ed
2355 3641 2813 3724 experiendum
2864 3642 2972 3707 di·

613 3760 811 3807 versa
850 3746 1329 3827 paratissimum
1346 3790 1370 3831 ,
1435 3748 1589 3830 quia
1631 3744 2063 3811 libentissime
2101 3742 2377 3827 figuram
2413 3745 2589 3810 illam
2630 3746 2965 3812 vidissem.

618 3847 704 3910 Et
746 3847 929 3911 ambo
970 3866 1169 3932 supra
1209 3858 1277 3914 et
1316 3850 1490 3915 infra
1533 3849 2001 3936 quaesivimus,
2050 3848 2171 3912 sed
2213 3849 2372 3913 nihil
2415 3850 2500 3915 de
2522 3852 2649 3916 hoc
2672 3852 2972 3916 invenire

616 3952 960 4035 potuimus.
1041 3949 1178 4017 Alii
1241 3954 1437 4019 etiam
1485 3956 1724 4021 milites
1765 3972 1887 4038 per
1928 3971 2035 4017 me
2073 3954 2369 4039 instigati
2407 3957 2811 4039 vagabantur
2848 3976 2970 4040 per

614 4054 856 4120 clivum
900 4053 1109 4138 (14¹2
1131 4054 1242 4141 A)
1283 4054 1564 4124 montem
1603 4059 1689 4125 ad
1731 4055 2188 4145 quaerendum,
2232 4058 2354 4125 sed
2387 4061 2456 4125 in
2497 4079 2739 4126 vanum
2776 4061 2971 4125 labo-

613 4158 857 4224 rabant.
940 4154 1140 4226 Duxi'
1169 4163 1366 4229 etiam
1423 4180 1675 4231 mecum
1737 4164 1941 4230 ftates
1981 4165 2266 4248 juvenes
2307 4166 2546 4229 montis
2587 4164 2802 4251 Syon,
2846 4168 2970 4250 *qui

614 4281 763 4328 cum
805 4263 1129 4330 desiderio
1171 4285 1420 4333 mecum
1466 4269 1935 4353 discurrebant,
1976 4268 2098 4335 sed
2138 4268 2299 4335 nihil
2350 4269 2763 4353 perfecimus.
2828 4272 2970 4336 Ime

617 4367 953 4455 dicebant,
1016 4387 1094 4434 se
1152 4391 1499 4457 numquam
1559 4372 1801 4459 aliquid
1847 4374 1930 4438 de
1968 4373 2095 4440 hoc
2136 4373 2491 4441 audivisse.
2575 4373 2728 4440 Adii
2774 4375 2971 4441 etim
