3242 5259
1443 290 1575 358 ³45

893 465 924 508 fl
961 489 1036 513 ..Λ
2110 507 2123 516 ..

323 552 701 649 Quomodo
745 553 1168 644 Αμιεῒαὼ·
1195 563 1334 630 ΒΜ
1371 547 1768 650 columnis
1818 554 2148 658 omnibus
2201 555 2687 653 Chi-imnis

320 688 400 753 et
449 674 1204 782 quomodo-'peregrim
1247 671 1628 776 numquam
1665 676 2255 782 intromittuntur,
2296 679 2441 755 nisi
2490 680 2672 757 dent

321 796 657 873 tributum
697 783 1024 902 ‘templis
1062 791 1166 886 (ιε’,
1184 795 1280 872 de
1331 797 1549 874 modo
1617 796 2084 897 ingrediendi
2150 800 2530 902 templum,
2591 810 2670 878 et

732 977 746 992 .
868 909 965 992 de
1014 916 1391 1019 multiplici
1441 927 1652 995 secta
1700 917 1774 992 in
1824 917 2122 1024 templo.
2170 953 2275 1016 .·‘

490 1095 752 1176 Quarto,
784 1103 854 1164 et
893 1098 1123 1162 ultimo
1159 1096 1510 1163 videndum
1545 1109 1647 1164 est
1692 1097 1774 1164 de
1814 1099 2320 1166 inhabitantibus
2362 1099 2668 1182 tensslum

317 1201 748 1287 praedictum,
814 1212 881 1267 et
924 1203 1035 1288 qui
1089 1205 1256 1286 sint,
1322 1207 1436 1288 qui
1478 1206 1546 1268 in
1590 1225 1669 1269 eo
1713 1206 1952 1271 Officia
1992 1225 2115 1271 sua
2175 1212 2535 1290 peragunt,
2602 1212 2671 1270 et

315 1310 495 1372 circa
549 1309 675 1372 hoc
729 1307 1097 1372 videbimus
1163 1327 1299 1372 rem
1375 1307 1743 1376 horribilem
1809 1321 1877 1374 et
1950 1320 2443 1390 monstruosam.
2545 1310 2673 1373 Est.

316 1415 490 1480 enim
563 1411 751 1477 modo
795 1413 1111 1496 (factum)
1177 1413 1302 1477 hoc
1347 1416 1655 1498 templum
1703 1415 1789 1479 ad
1833 1416 2093 1484 modum
2157 1416 2395 1482 archae
2456 1414 2667 1498 Noae,

313 1517 385 1580 in
434 1535 565 1601 qua
607 1520 887 1581 omnium
929 1519 1319 1598 bestiarum,
1387 1520 1764 1584 mundarum
1832 1529 1902 1583 et
1963 1519 2428 1585 immundarum
2473 1518 2669 1581 diffe—

314 1625 597 1706 tentiae,
641 1622 877 1694 demtis
921 1624 1230 1707 piscibus.
1291 1622 1407 1688 Sic
1442 1633 1508 1686 et
1561 1626 1651 1688 ibi
1697 1624 1913 1687 nullus
1955 1626 2193 1709 piscis,
2254 1626 2296 1691 i.
2341 1644 2398 1686 e.
2449 1623 2667 1702 nullus

312 1729 508 1811 aquis
546 1727 944 1794 infidelitatis
985 1729 1354 1811 immersus,
1402 1729 1620 1792 nullus
1664 1730 2024 1813 idololatra,
2067 1729 2284 1794 nullus
2328 1709 2669 1794 Christum

311 1832 622 1896 absolute
661 1849 944 1916 negans,
1007 1833 1202 1903 habet
1248 1832 1500 1916 locum,
1578 1851 1702 1897 nec
1752 1835 1820 1897 in
1867 1853 1946 1898 eo
1996 1833 2425 1920 subsistendi,
2450 1836 2665 1914 locum

308 1938 643 2021 inveniet,
688 1940 860 2002 sicut
900 1955 1025 2001 nec
1070 1936 1278 2018 (188
1300 1938 1410 2021 A)
1456 1948 1645 2004 extra
1687 1957 1939 2024 aquam.
2026 1938 2162 2002 Sed
2205 1939 2417 2004 solum
2461 1935 2667 2006 Chri-⁰

313 2041 591 2106 sticolae
636 2043 725 2108 ibi
764 2051 1044 2126 manent,
1079 2050 1145 2105 et
1187 2045 1314 2110 hoc
1355 2045 1505 2109 sive
1546 2045 1681 2107 sint
1721 2042 1941 2107 mundi
1980 2043 2135 2108 fidei
2175 2046 2472 2127 veritate,
2514 2047 2666 2109 sive

316 2149 628 2213 immundi
670 2149 998 2213 haeretica
1037 2149 1389 2234 pravitate,
1442 2149 1552 2213 vel
1592 2150 1739 2212 sive
1781 2150 1916 2211 sint
1958 2147 2325 2212 domestici.
2342 2148 2664 2220 calholica

318 2254 635 2338 veritate,
700 2255 849 2317 sive
903 2252 1215 2317 indomati
1265 2262 1332 2317 et
1372 2253 1723 2330 siLvestres
1776 2254 2197 2316 schismatica
2263 2247 2659 2318 diversitate.

322 2353 788 2441 Quaecumque
831 2361 1002 2422 euim
1043 2377 1211 2443 gens
1277 2356 1610 2422 Christum
1654 2376 1772 2440 pro
1815 2357 1958 2420 Deo
2002 2356 2190 2440 colit,
2255 2373 2662 2440 quocumque

319 2459 511 2525 modo
566 2462 727 2526 illud
796 2463 1052 2547 credat,
1116 2465 1264 2528 sive
1342 2462 1564 2526 credat
1631 2471 2048 2526 coaeternum
2112 2467 2179 2524 et
2224 2460 2660 2544 coaequalem

318 2568 568 2650 patri,
590 2569 736 2631 sive
781 2588 945 2651 uon,
1003 2576 1363 2634 creatorem
1405 2573 1522 2629 aut
1555 2573 1939 2634 creaturam
2003 2583 2271 2650 puram,
2337 2566 2658 2629 hominem

318 2689 548 2734 verum
592 2682 703 2736 aut
741 2674 1259 2758 phantasticum,
1319 2687 1587 2756 passum
1642 2677 1756 2733 aut
1815 2689 1945 2733 non
1988 2687 2286 2754 passum,
2340 2678 2658 2732 mortuum

318 2782 432 2837 aut
487 2793 618 2838 ιιοιι
661 2788 1010 2862 mortuum,
1085 2784 1645 2841 sacramentorum
1686 2775 1858 2858 vim,
1919 2784 2033 2839 aut
2093 2775 2375 2857 nullam,
2410 2775 2656 2857 Papam

318 2896 474 2941 esse
530 2883 846 2946 vicarium
909 2882 1152 2948 Christi
1203 2890 1313 2945 aut
1373 2899 1540 2963 non,
1601 2881 1846 2964 singuli
1912 2882 2237 2964 reperiunt
2292 2882 2361 2944 in
2418 2877 2659 2961 templo

315 2981 443 3045 hoc
487 2980 616 3047 sibi
648 2988 935 3071 similes,
973 2995 1043 3051 et
1080 2984 1336 3070 ingredi
1378 2986 1698 3048 sinuntur.
1764 2985 1852 3051 Et
1895 2988 1954 3050 si
1996 2986 2189 3050 hodie
2230 2983 2448 3069 aliqua
2488 2997 2659 3065 gens

316 3088 598 3172 veniret,
637 3090 800 3156 adeo
841 3090 1126 3156 horribili
1170 3090 1427 3154 haeresi
1469 3090 1734 3173 infecta,
1767 3092 1858 3154 ita
1899 3092 2073 3175 quod
2116 3090 2274 3163 nulli
2316 3089 2382 3152 in
2416 3094 2658 3154 sancta

317 3192 605 3256 eeclesia
659 3196 773 3258 illa
834 3216 976 3260 eam
1018 3195 1101 3259 ad
1142 3213 1265 3258 sua
1308 3191 1545 3259 Officia
1597 3194 1848 3258 vellent
1892 3195 2265 3277 admittere,
2326 3191 2656 3268 Sold‘anus

315 3299 644 3381 proprium
686 3301 950 3366 chorum
994 3307 1061 3376 et
1102 3301 1567 3364 habitationem
1611 3297 1819 3363 eidem
1862 3299 1931 3362 in
1970 3299 2085 3362 illa
2128 3297 2649 3379 ecclesia·daret,

315 3404 510 3467 etiam
554 3406 615 3468 si
657 3403 969 3490 cred‘eret,
1012 3405 1343 3471 Christum
1386 3423 1516 3468 non
1560 3404 1766 3468 fuisse
1806 3404 2149 3486 hominem,
2194 3403 2312 3467 sed
2354 3401 2650 3482 bestiam,

315 3506 661 3574 dummodo
700 3508 1026 3575 Christum
1070 3510 1245 3574 dicat
1286 3528 1475 3574 suum
1519 3509 1731 3576 Deum
1774 3526 1945 3573 esse.
2029 3508 2242 3572 Nemo
2283 3507 2372 3572 ibi
2419 3505 2652 3568 exelu-

317 3612 524 3704 ditur,
567 3614 784 3679 nullus
825 3614 1186 3698 repellitur3
1231 3616 1621 3700 quicumque
1677 3613 1873 3678 solvit
1917 3613 2303 3677 sarracenis
2344 3609 2652 3675 tributum

316 3719 576 3804 templi,
620 3740 737 3806 pro
780 3721 1084 3803 ingressu
1129 3720 1412 3802 quinque
1454 3719 1762 3816 ducatos,
1823 3717 1938 3781 ille
1976 3716 2375 3800 ingreditur,
2440 3733 2649 3808 quan-3

316 3831 712 3908 tumcunquo
769 3822 1149 3888 immundus
1213 3823 1318 3887 sit.
1427 3811 1576 3896 Nec
1652 3819 1846 3886 alicui
1906 3822 2276 3890 christiano
2344 3821 2649 3904 templum

317 3928 651 4010 aperiunt,
695 3928 826 3992 nisi
864 3925 1096 3992 solutis
1139 3927 1427 4014 quinque
1468 3926 1755 4010 ducatis3
1822 3934 1893 3991 et
1932 3930 2005 3992 in
2041 3929 2168 3991 hoc
2207 3945 2335 3989 non
2377 3932 2652 4014 parcunt

316 4048 442 4094 nec
480 4033 785 4096 fratribus
827 4034 1064 4098 montis
1106 4033 1358 4118 Syon,
1349 4049 1539 4116 quos
1580 4045 1719 4096 ιιοιι·
1754 4032 2225 4114 intromittunt,-
2260 4030 2390 4094 nisi
2438 4029 2650 4094 soluto

318 4136 589 4220 tribut03
634 4135 849 4204 demto
889 4147 1197 4222 tempore,
1227 4157 1355 4221 quo
1394 4138 1723 4222 peregrini
1765 4146 1916 4201 sunt
1956 4133 2027 4204 i'n
2066 4121 2461 4217 Jerusalem,-
2504 4152 2651 4196 cum

319 4238 554 4320 quibus
594 4244 805 4322 gratis
842 4243 1361 4320 intromittuntur.
1425 4244 1512 4305 Et
1551 4250 1841 4325 tempore
1882 4242 2221 4306 absentiae
2265 4239 2649 4326 peregi-iup-

323 4360 460 4404 rum
505 4362 635 4409 non
676 4358 952 4432 possunt
1006 4357 1256 4414 mutare
1297 4343 1608 4413 custodes
1664 4348 1919 4433 templi,
1981 4346 2102 4412 sed
2145 4346 2283 4429 illi,
2342 4345 2463 4427 qui
2503 4359 2650 4404 cum
