3242 5259
373 520 596 587 hahiti.
647 519 876 586 ·Undc
924 520 1116 586 etiam
1159 519 1513 587 Christiani
1557 521 1989 587 execrabilem
2053 521 2291 588 Judam
2333 525 2719 610 proditorem

371 626 497 688 sub
539 625 878 709 Typhonis
921 626 1127 692 forma
1166 626 1543 712 depingunt,
1585 637 1654 692 ot
1698 627 1878 692 rufos
1919 629 2215 693 homines
2259 630 2453 693 etiam
2496 632 2722 714 piissi-

374 747 517 792 mos
563 730 972 795 subsannant
1010 739 1076 795 et
1114 730 1426 795 derident.
1467 730 1713 816 Sicque
1732 732 2011 817 culpam,
2029 751 2222 815 quam
2247 753 2377 798 non
2407 733 2720 819 fecerunt,

376 833 499 897 rufi
535 834 918 899 innocentes
962 835 1168 906 iuunt.
1251 834 1505 900 Fabula
1541 835 1838 922 Osiridis,
1880 837 2073 902 Isidis
2116 847 2187 901 et
2207 839 2549 922 Typhonis
2596 841 2720 903 ha-

374 939 566 1003 betur
607 940 713 1004 lib.
759 942 808 1002 1.
853 958 998 1025 cap.
1041 942 1103 1004 4.
1148 950 1215 1005 et
1256 941 1365 1006 lib.
1407 943 1489 1006 11.
1535 959 1684 1026 cap.
1726 943 1788 1006 4.
1833 942 2261 1028 Antiquarum
2310 943 2719 1008 historiarum

375 1043 642 1108 Diodori
683 1043 912 1115 Siculi.

544 1147 874 1234 (nona)
917 1148 1168 1229 Quarto
1229 1149 1464 1214 dicitur
1505 1168 1692 1214 mons
1736 1149 2051 1216 luminum
2074 1196 2096 1235 ‚
2155 1151 2311 1237 quia
2349 1149 2722 1215 illustraba-

371 1258 481 1317 tur
518 1273 561 1317 a
601 1254 1006 1339 lampadibus
1049 1264 1118 1319 et
1156 1253 1508 1319 luminibus
1550 1253 1993 1340 ecclesiarum,
2039 1273 2209 1340 quae
2251 1257 2320 1319 in
2389 1274 2469 1319 eo
2515 1264 2718 1319 erant.

372 1358 474 1421 lbi
509 1359 681 1422 enim
722 1368 864 1423 erat
905 1359 1188 1423 ecclesia
1239 1359 1646 1422 ascensionis
1687 1358 1991 1444 Domini,
2038 1360 2235 1445 plena
2290 1358 2719 1444 lampadibus,

373 1471 446 1525 ut
482 1472 658 1547 patet
689 1464 802 1541 fol.
851 1464 988 1530 149
1026 1464 1132 1547 A3
1209 1463 1496 1526 ecciesia
1536 1466 1604 1526 in
1651 1464 1974 1549 Galilaea3
2019 1464 2301 1529 ecclesia
2343 1464 2417 1529 S.
2458 1465 2718 1547 Marci3

371 1564 625 1648 capella
712 1567 1059 1652 Pelagia03
1123 1610 1132 1619 -
1169 1568 1454 1639 ecclesia
1528 1569 1936 1651 agonizantis
2025 1567 2308 1654 Ohris1i3
2436 1568 2723 1633 ecclesia

371 1670 702 1753 sepulchri
742 1672 971 1735 beatae
1014 1673 1102 1735 Vi
1121 1674 1371 1757 [ψύας
1465 1672 1750 1737 ecclesia
1809 1674 2001 1737 fletus
2058 1672 2340 1757 Christi3
2437 1674 2721 1737 ecclesia

367 1775 456 1838 in·
483 1776 957 1860 Gethseman03
1038 1777 1317 1845 ecclesia
1370 1777 1907 1865 iu·Bethphage;
1993 1779 2277 1843 ecclesia
2328 1777 2401 1842 S.
2438 1777 2717 1861 Jacobi3

376 1889 443 1943 et
506 1890 808 1944 caeterae
857 1881 1132 1965 multae,
1208 1884 1277 1946 in
1341 1884 1580 1965 quibus,
1633 1880 1930 1957 omnibus
1993 1883 2304 1947 ardebant
2364 1880 2719 1965 lampades,

375 1986 609 2067 quihus
651 2002 784 2051 non
824 1984 1035 2050 solum
1076 2005 1266 2051 moins
1309 1985 1554 2053 oliveti
1599 1966 2063 2073 illustrabatur,
2121 1986 2242 2052 sed
2296 1987 2488 2051 etiam
2533 2003 2719 2052 mons

387 2090 606 2174 tempii
643 2099 711 2183 οξ
749 2092 983 2155 civitas
1023 2099 1251 2156 sancta
1290 2108 1369 2179 ex
1407 2092 1731 2175 opposito.
2654 2134 2661 2143 ·

540 2192 782 2271 Quinto
825 2194 1072 2259 dicitur.
1098 2210 1288 2260 meus
1329 2196 1638 2261 luminum
1678 2214 1795 2279 pro
1838 2212 1939 2278 eo,
1982 2194 2158 2277 quod
2228 2195 2464 2277 olanm,
2508 2195 2719 2258 nutri·-

375 2306 656 2362 mentum
683 2298 1032 2381 hminum,
1075 2302 1338 2385 copiose
1369 2302 1458 2364 ihi
1481 2303 1761 2379 crescit.
1807 2298 1959 2362 Ideo
1985 2298 2220 2363 dieitur
2261 2317 2447 2363 mons
2468 2296 2712 2362 oliveti

373 2403 487 2468 vel
526 2404 862 2487 olivarum,
894 2406 1148 2487 quaein
1184 2400 1707 2495 mp'gno‘nmnero
1749 2406 1839 2468 ihi
1882 2412 2189 2468 crescunt
2205 2447 2228 2486 ‚
2272 2405 2415 2468 sine
2456 2403 2717 2488 planta-

379 2509 575 2591 tione,
617 2518 685 2573 et
724 2519 973 2592 sponte.
1043 2510 1131 2573 Et
1173 2511 1384 2574 olem
1419 2508 1511 2576 ib'i
1554 2528 1865 2577 crescens
1916 2508 2111 2574 hodie
2168 2507 2338 2571 cedit
2387 2509 2453 2571 in
2504 2507 2718 2571 nutri-

372 2621 658 2689 mentum
694 2612 1060 2697 lampadum
1093 2612 1332 2703 'tenvis
1363 2608 1683 2687 dominici.
1782 2615 1869 2678 Et
1915 2623 2069 2677 sunt
2129 2613 2220 2676 ibi
2280 2612 2494 2675 olivae
2551 2611 2714 2675 adeo

371 2735 654 2805 magnae
693 2728 782 2782 et·
821 2722 1160 2802 vetustae,
1223 2719 1397 2804 quod
1462 2720 1657 2787 credo
1737 2700 1991 2807 aliqu-s
2055 2715 2267 2780 adhuc
2322 2733 2365 2780 a
2427 2725 2715 2798 tempore

377 2820 646 2889 christi.
671 2824 761 2887 ibt
804 2822 1055 2905 durare.
1136 2806 1385 2911 Beatus
1432 2825 1845 2913 Augustinus
1904 2828 2102 2906 snper
2126 2822 2490 2887 Johannem
2535 2821 2713 2903 dicit,

374 2927 551 3010 φυᾷ
592 2946 777 2993 mons
816 2926 1064 2999 oliveti
1104 2910 1408 3027 esti-ons
1451 2929 1821 3001 chrismatls
1846 2937 1917 2992 et
1938 2928 2305 3009 -unctionis,
2343 2942 2532 2989 mons
2562 2925 2715 3009 pin-

371 3026 673 3110 gueditn'a
717 3039 782 3094 et
824 3033 1219 3117 refectionis,
1260 3049 1447 3103 mnus
1491 3031 1937 3096 medicaminis
1982 3041 2051 3096 et
2093 3029 2556 3095 evacuationis.
2627 3028 2719 3099 Et

369 3131 496 3195 hoo
533 3133 695 3199 uicit
731 3147 998 3221 propter
1033 3138 1352 3205 olivarum
1392 3137 1483 3200 ih’i
1519 3138 1955 3213 crescentium
1999 3134 2456 3203 abundantiam
2478 3179 2501 3218 ,
2550 3151 2716 3219 qua-

370 3255 513 3301 rum
551 3238 801 3306 fructus
843 3246 949 3305 est
1009 3228 1396 3325 unctuosus,
1461 3238 1779 3306 humosus
1802 3286 1822 3325 ,
1879 3249 1949 3305 et
1987 3240 2337 3305 deliciosus
2360 3284 2382 3323 ‚
2426 3241 2600 3324 quia,
2643 3248 2717 3303 ut

376 3341 542 3407 dicit
554 3345 867 3430 Isidorus,
909 3347 1126 3411 oleum
1150 3346 1369 3411 olivae
1411 3365 1495 3410 ex
1536 3346 1783 3435 radicis
1796 3327 2222 3411 amaritudine
2261 3346 2470 3428 surgit
2508 3347 2575 3409 in
2594 3361 2719 3429 pa-

373 3445 592 3510 bulum
614 3447 894 3534 luminis,
929 3452 999 3515 in
1041 3451 1574 3519 medicamentum
1637 3451 1966 3535 vulneris,
2027 3459 2095 3513 et
2147 3452 2217 3513 in
2280 3448 2715 3547 reflectionem

378 3552 747 3617 esurientis.
1215 3616 1226 3627 ,

535 3655 745 3722 Sexto
788 3656 1020 3737 dicitur
1060 3674 1248 3722 mons
1288 3658 1599 3749 luminum
1641 3679 1765 3743 pro
1803 3678 1882 3745 qo
1902 3703 1924 3741 ,
1979 3659 2154 3741 qula,
2201 3673 2350 3720 cum
2391 3654 2479 3717 sit
2521 3653 2714 3717 altior

372 3763 672 3827 omniffus
716 3763 1064 3843 montibus,
1107 3772 1173 3826 et
1214 3784 1336 3847 per
1358 3766 1696 3828 circuitum
1738 3770 1959 3847 petest
2000 3762 2190 3825 homo
2230 3759 2426 3842 longe
2454 3758 2715 3842 lateqae

374 3867 725 3933 luminibus
766 3868 1094 3935 oculorum
1138 3886 1403 3933 snorum
1446 3868 1841 3952 prospicere.
1928 3866 2019 3931 Ut
2054 3856 2264 3949 'patet
2304 3863 2414 3927 fol.
2463 3865 2587 3929 148
2626 3863 2712 3926 A.

537 3972 830 4058 Septimo
869 3972 1110 4037 dicitur
1161 3990 1351 4036 mons
1390 3971 1726 4056 luminum,
1788 3971 1944 4056 quia
2010 3968 2414 4035 delectabilis
2473 3977 2578 4033 est
2629 3967 2714 4032 ad

368 4076 741 4162 videndum,
782 4087 852 4143 et
891 4078 1108 4141 visum
1149 4086 1404 4141 recreat
1446 4095 1486 4141 e
1529 4079 1797 4160 regione
1838 4076 2142 4141 videntis.
2228 4073 2397 4138 Sunt
2438 4073 2605 4136 enim
2647 4070 2717 4136 in

372 4199 452 4245 eo
495 4182 665 4246 horti
708 4182 1025 4253 olivarum
1067 4191 1134 4245 et
1166 4181 1455 4263 ficorum,
1502 4180 2126 4267 malogranatorum,
2187 4187 2256 4243 et
2294 4187 2713 4243 caeterarum·

375 4283 546 4350 Olim
600 4286 687 4350 ad
735 4287 990 4352 radices
1041 4286 1185 4369 ejus
1241 4289 1623 4350 crescebant
1686 4285 1863 4350 cedri
1927 4295 1993 4350 et
2057 4286 2351 4371 cypressi
2416 4292 2481 4346 et
2549 4284 2719 4345 vites

375 4394 444 4449 et
507 4387 755 4473 omnia,
821 4407 993 4474 quae
1061 4389 1530 4458 desiderantur.
1626 4389 1713 4454 Et
1780 4399 2029 4459 tautum
2099 4388 2182 4454 de
2233 4389 2369 4459 illo.
2453 4387 2556 4451 De
2595 4385 2720 4450 hoc
