3242 5259
368 521 498 605 diu,
540 527 612 583 ut
653 517 1034 583 viderentur
1077 517 1414 584 exanimes
1466 519 1640 583 facti.
1728 517 1945 603 Super
1984 534 2211 581 omnes
2277 523 2495 581 autem
2569 537 2716 584 mn-

364 625 559 690 lieres
601 624 985 708 peregrinae
1025 622 1247 688 sociae
1286 631 1557 688 nostrae
1607 632 1677 686 et
1725 640 1985 686 sorores
2039 621 2227 706 quasi
2280 624 2714 705 parturientes

363 730 751 813 clamabant,
794 727 1152 792 ullulabant
1194 737 1260 791 et
1301 728 1564 794 flebant.
1652 727 1875 812 Aliqui
1943 745 2102 791 vero
2170 728 2498 810 peregrini
2555 744 2714 811 prae

363 835 564 898 nimia
607 832 956 898 devotione
996 835 1370 897 nescientes
1430 851 1509 897 se
1573 850 1835 918 regere,
1900 832 2296 895 inmorierati
2358 839 2545 896 erant
2558 877 2581 917 ,
2643 842 2713 898 et

361 957 523 1023 prae
563 938 762 1002 nimia
802 936 1158 1022 diligentia,
1206 938 1484 1022 qualiter
1517 954 1595 1000 se
1635 937 1778 1000 Deo
1822 945 2090 1020 possent
2134 936 2442 999 exhibere
2483 937 2712 1021 placa-

362 1044 550 1128 biles,
594 1042 977 1126 quibusdam
1032 1043 1330 1126 gestibus
1390 1041 1675 1105 insolitis
1732 1051 1799 1105 et
1850 1041 2203 1125 puerilibus
2263 1042 2708 1108 movebantur.

358 1147 762 1216 Delectabile
802 1147 998 1211 valde
1030 1147 1156 1211 suit
1189 1147 1418 1211 videre
1459 1147 1932 1212 seriosissimus
1975 1154 2043 1209 et
2062 1148 2286 1211 varios
2325 1149 2711 1231 peregrino-

366 1273 505 1318 rum
549 1268 763 1316 mores
802 1253 872 1316 in
913 1252 1264 1317 devotione
1303 1253 1373 1315 in
1414 1251 1578 1316 locis
1620 1255 1893 1336 sanctis,
1940 1270 2109 1337 quae
2151 1252 2297 1316 loca
2355 1253 2711 1318 mirabilem

359 1358 717 1423 efficaciam
754 1358 994 1422 habent
1036 1357 1121 1421 ad
1162 1357 1550 1422 movendum
1591 1358 1914 1422 hominem
1956 1357 2041 1421 ad
2082 1358 2304 1422 fletum
2324 1403 2345 1441 ,
2387 1358 2704 1442 gemitum

360 1471 431 1527 et
465 1465 770 1547 suspiria,
794 1464 905 1548 qui
946 1463 1114 1527 alias
1145 1463 1340 1527 nullis
1361 1463 1789 1545 sermonibus,
1819 1479 1944 1525 nec
1977 1462 2546 1549 admonitionibus,
2584 1482 2709 1528 nec

358 1569 719 1652 scripturis,
762 1586 887 1632 nec
927 1568 1224 1653 picturis,
1267 1585 1391 1631 nec
1433 1568 1684 1651 figuris,
1706 1584 1830 1630 nec
1871 1566 2207 1650 exemplis,
2252 1586 2377 1632 nec
2418 1570 2704 1652 promis-

357 1674 479 1750 sis,
522 1689 648 1735 nec
689 1672 899 1756 minis,
944 1690 1067 1735 nec
1089 1675 1540 1757 prosperitate,
1585 1690 1709 1736 nec
1728 1672 2126 1736 adversitate
2168 1674 2417 1736 moveri
2459 1682 2701 1757 potest.

356 1776 491 1841 Sed
533 1783 754 1841 tamen
796 1795 919 1840 nec
947 1778 1074 1842 hoc
1120 1779 1511 1862 generaliter
1552 1779 1848 1842 omnibus
1889 1776 2075 1841 datur
2115 1778 2535 1841 visitantibus
2557 1778 2704 1842 loca

354 1890 605 1964 sancta,
648 1880 770 1944 sed
808 1889 886 1945 ut
927 1881 1175 1945 scilicet
1217 1883 1533 1969 singulari
1588 1882 1938 1948 devotione
1980 1889 2049 1943 et
2110 1882 2359 1965 pietate
2400 1881 2703 1944 affician-

356 1994 478 2050 tur.
557 1985 716 2049 Vidi
757 1986 926 2050 enim
971 1987 1307 2072 quosdam,
1350 1990 1592 2051 utinam
1660 2006 1789 2051 non
1861 1986 2178 2051 vidissem
2200 2030 2220 2068 ,
2280 1985 2392 2068 qui
2457 1984 2704 2049 directe

353 2091 692 2157 contrariis
733 2091 1064 2175 perversis
1105 2091 1442 2157 affectibus
1464 2094 1910 2173 movebantur,
1934 2089 2239 2155 commoti
2278 2099 2539 2173 propter
2556 2092 2703 2174 pios

353 2195 628 2260 affectus
650 2196 962 2260 bonorum
984 2195 1381 2260 devotorum.
1426 2196 1583 2260 Vidi
1609 2214 1890 2280 namque
1921 2196 1988 2259 in
2034 2194 2329 2258 omnibus
2350 2195 2700 2277 praetactis

353 2302 805 2367 devotionibus
845 2303 1351 2384 peregrinorum,
1393 2299 1566 2384 quod
1609 2299 1870 2385 quidam
1892 2299 2114 2363 stolidi
2159 2306 2225 2361 et
2248 2298 2410 2362 aridi
2455 2317 2700 2384 pereg-

351 2408 497 2490 riui,
516 2408 644 2470 imo
683 2405 998 2469 bestiales
1042 2404 1375 2486 animales,
1397 2405 1695 2487 spiritum
1714 2404 1841 2467 Dei
1882 2422 2014 2466 non
2050 2403 2392 2487 habentes,
2433 2406 2701 2468 stabant

352 2519 422 2576 et
461 2520 858 2576 caeterorum
901 2509 1302 2593 devotiones,
1345 2509 1562 2592 fletus,
1598 2509 2088 2593 prostrationes,
2125 2516 2458 2591 pectorum
2485 2525 2698 2592 punc-

350 2618 571 2681 tiones
612 2623 681 2677 et
723 2619 986 2677 caetera
1026 2613 1187 2676 talia
1225 2614 1713 2677 subsannabant
1756 2622 1823 2676 et
1886 2611 2280 2675 deridebant.
2378 2614 2469 2676 Et
2524 2613 2696 2698 quod

352 2717 850 2785 dammnabilius
895 2725 1018 2800 est,
1059 2718 1171 2780 isti
1203 2717 1398 2781 rudes
1447 2725 1515 2780 et
1555 2719 1737 2782 coeci
1779 2718 1951 2781 omni
1992 2715 2342 2780 devotione
2379 2725 2446 2779 et
2486 2716 2697 2783 affec-

351 2826 530 2888 tione
569 2825 800 2909 vacui,
841 2823 1172 2908 spurcitiis
1216 2823 1445 2906 repleti
1494 2822 1663 2886 tales
1707 2822 1980 2886 devotos
2029 2820 2411 2904 judicabant
2457 2820 2697 2905 fatuos,

347 2929 745 3013 hypocritas,
787 2935 1239 3011 ostentatores,
1282 2927 1473 2992 fictos
1515 2936 1581 2991 et
1607 2946 1739 2991 non
1781 2945 1982 2992 sanae
2023 2927 2263 2990 mentis
2306 2942 2492 3009 esse,
2536 2942 2696 2989 eos-

351 3051 482 3118 que
544 3041 776 3117 postea
816 3033 1156 3117 despectui
1209 3031 1567 3116 habebant,
1661 3041 1728 3095 et
1802 3051 1949 3097 cum
2017 3034 2114 3097 eis
2180 3030 2696 3114 dedignabantur

348 3140 748 3222 conversari,
785 3138 1200 3203 detrahentes
1244 3138 1376 3221 eis,
1444 3137 1680 3220 fatuos,
1744 3136 2127 3220 hypocritas
2185 3145 2254 3200 et
2308 3134 2694 3219 Beghardos

346 3244 772 3307 nominantes.
854 3242 912 3307 Ο
955 3262 1148 3328 quam
1190 3242 1436 3307 inutilis
1479 3248 1550 3306 et
1590 3240 1933 3306 maledicta
1973 3242 2193 3307 talium
2234 3244 2692 3327 peregrinatio,

348 3348 460 3432 qui
500 3349 569 3411 in
606 3358 739 3412 tam
777 3357 1008 3412 sancto
1052 3347 1197 3411 loco
1236 3355 1503 3410 sanctos
1547 3364 1763 3409 mores
1806 3345 2100 3410 derident
2182 3354 2247 3410 et
2287 3354 2687 3428 pervertunt.

345 3451 616 3535 Pejores
658 3452 826 3515 tales
868 3461 1023 3516 sunt
1063 3452 1445 3516 Sarracenis
1488 3457 1554 3512 et
1586 3449 1884 3534 Judaeis,
1929 3451 2041 3535 qui
2080 3450 2327 3515 nullum
2361 3449 2689 3515 Christia-

345 3574 501 3622 num
544 3555 783 3621 devote
819 3573 897 3619 se
937 3567 1273 3640 gerentem
1315 3553 1626 3620 derident.
1713 3553 1885 3619 Nam
1953 3555 2209 3638 quando
2272 3557 2572 3619 venimus
2621 3555 2691 3618 in

347 3665 583 3727 atrium
624 3663 752 3726 hoc
791 3668 1113 3743 sanctum,
1157 3659 1338 3723 multi
1374 3658 1658 3742 juvenes
1701 3658 2205 3724 sarracenorum
2252 3666 2689 3742 accurrerunt,

343 3775 417 3830 ut
459 3766 842 3851 deriderent,
883 3765 1005 3831 sed
1048 3771 1297 3830 tantum
1339 3764 1577 3829 serium
1619 3765 2102 3848 peregrinorum
2123 3763 2425 3827 videntes
2468 3777 2692 3828 reces-

340 3880 588 3955 serunt,
655 3881 1064 3937 remanentes
1116 3879 1332 3936 antem
1391 3887 1524 3933 una
1585 3869 1924 3933 nobiscum
1982 3871 2321 3934 fleverunt.
2433 3870 2512 3932 In
2564 3868 2692 3931 hoo

341 3979 513 4042 atrio
556 3976 995 4061 indulgentias
1030 3976 1362 4061 plenariae
1395 3974 1799 4039 remissionis
1840 3975 2212 4059 accepimns
2247 3973 2436 4057 (Η).
2489 3972 2692 4037 Porro

341 4082 742 4147 orationibus
783 4081 986 4148 finitis
1027 4083 1432 4147 surreximus
1474 4077 1558 4144 de
1612 4087 1809 4165 terra,
1852 4088 1922 4144 et
1963 4079 2046 4144 ad
2089 4081 2328 4144 ostium
2371 4077 2694 4142 ecclesiae

340 4188 742 4253 accessimus
763 4232 785 4271 ,
825 4188 1046 4273 ibique
1082 4206 1199 4272 per
1237 4187 1556 4252 foramina
1573 4232 1594 4270 ,
1660 4204 1780 4270 per
1839 4204 2009 4271 quae
2062 4185 2246 4250 cibus
2292 4185 2694 4250 ministratur

340 4292 558 4356 sancti
623 4292 951 4376 sepulchri
1028 4292 1414 4358 custodibus
1491 4292 1671 4356 intus
1725 4291 2079 4375 conclusis,
2124 4289 2531 4373 respeximus
2548 4328 2570 4366 ,
2625 4290 2693 4347 et

339 4396 741 4463 sanctissimi
755 4396 1057 4468 dominici
1079 4398 1407 4484 sepulchri
1427 4397 1744 4483 capellam
1759 4395 2055 4465 inmedio
2077 4394 2395 4462 ecclesiae
2414 4393 2693 4453 stantem
