3242 5259
1400 200 1522 268 1⁸77

285 385 548 450 archivo
608 383 942 477 ecclesiae
986 384 1317 449 brachium
1361 381 1431 446 S.
1474 383 1747 468 Annae,
1804 386 2028 448 matris
2056 386 2131 448 ·b.
2176 382 2427 455 uariae
2467 386 2629 452 Vir-

287 491 461 574 ginis
503 499 777 573 argento
820 488 1280 553 venerabiliter
1320 490 1661 577 incl—usum.
1718 489 1991 554 Protulit
2028 499 2091 552 et
2133 509 2330 554 unum
2373 492 2629 555 clavum

286 595 583 659 similiter
625 605 895 677 argento
942 595 1022 658 ab
1064 594 1350 656 inferiori
1390 596 1769 679 immissum,
1812 613 2000 678 quem
2039 595 2198 658 dixit
2239 615 2391 658 esse
2434 616 2628 659 unum

289 700 371 764 de
434 699 644 764 clavis
702 699 980 783 Christi,
1035 717 1164 784 quo
1208 700 1384 762 cruci
1447 699 1745 763 confixus
1789 701 2016 764 extitit.
2103 703 2247 763 Has
2322 701 2630 785 reliquias

291 804 648 883 deosculati
706 822 973 888 sumus,
1028 813 1092 866 et
1136 793 1429 867 clenodia
1473 815 1699 868 uestra
1740 805 1985 869 eisdem
2039 806 2505 889 applicavimus
2549 807 2631 870 ad

291 917 689 993 contactum,
741 918 813 972 ut
858 909 993 972 dixi
1034 907 1140 972 fol.
1184 909 1292 973 36.
1331 908 1415 971 A.
1460 908 1672 973 Didici
1715 919 1950 994 autem,
1995 911 2166 994 quod
2205 913 2479 976 clericus
2523 912 2632 975 ille

293 1024 430 1079 erat
465 1015 843 1099 monachus,
888 1015 1059 1098 quod
1098 1024 1311 1078 tamen
1352 1014 1573 1079 habitu
1632 1033 2031 1099 cognoscere
2069 1035 2196 1079 non
2242 1019 2440 1100 potui,
2485 1018 2636 1100 quia

291 1130 448 1204 toga
490 1119 572 1182 de
613 1118 999 1184 schamlotta
1041 1129 1306 1204 opertus
1349 1129 1484 1183 erat
1496 1165 1519 1204 ,
1564 1125 1630 1183 et
1675 1120 1795 1183 fuit
1838 1120 2166 1184 ambarum
2212 1123 2634 1186 ecclesiarum

293 1224 609 1308 plebanus
620 1269 640 1307 ,
666 1229 671 1234 ’
682 1243 961 1308 graecae
1007 1234 1071 1288 et
1109 1225 1380 1308 latinae,
1444 1234 1511 1288 et
1551 1245 1668 1308 per
1710 1226 1925 1289 omnia
1966 1244 2044 1289 se
2085 1228 2353 1309 regebat
2390 1246 2632 1289 secun-

294 1326 447 1391 dum
489 1337 832 1412 utrumque
872 1331 1081 1393 ritum.
1148 1330 1317 1392 Nam
1365 1330 1704 1394 dominicis
1748 1330 1978 1393 diebus
2021 1331 2385 1403 celebrabat
2429 1331 2631 1414 primo

292 1433 567 1496 Missam
611 1434 681 1496 in
726 1435 1008 1498 ecclesia
1049 1435 1284 1518 latina,
1351 1441 1417 1499 et
1461 1435 1843 1499 conficiebat
1902 1455 2081 1497 more
2140 1433 2629 1500 occidentalium

292 1540 360 1602 iu
402 1557 655 1622 azymo.
741 1538 861 1602 Illo
902 1541 1116 1603 officio
1159 1539 1341 1604 finito
1415 1541 1732 1603 transibat
1773 1540 1856 1603 ad
1902 1522 2248 1606 ecclesiam
2304 1560 2633 1625 graecam,

295 1651 363 1703 et
404 1661 583 1704 more
628 1643 1030 1706 orientalium
1072 1646 1456 1709 conficiebat
1499 1648 1563 1709 in
1609 1645 2005 1708 sermentato.
2096 1646 2244 1707 Hoc
2290 1644 2442 1709 mihi
2483 1646 2634 1730 plu-

301 1749 527 1812 rimum
600 1747 963 1834 displicuit,
1044 1760 1109 1814 et
1164 1751 1456 1833 judicavi
1521 1749 1928 1813 sacerdotem
1988 1749 2165 1812 illum
2239 1751 2633 1814 haereticum

297 1852 671 1937 pessimum,
715 1854 1135 1918 seducentem
1199 1855 1504 1939 populum
1547 1856 1702 1918 hinc
1743 1862 1805 1916 et
1846 1853 2038 1919 illinc.
2103 1854 2271 1918 Sunt
2328 1857 2495 1918 euim
2541 1857 2636 1920 itti

299 1957 426 2022 duo
468 1959 631 2021 ritus
705 1959 1218 2042 incompatibiles
1279 1962 1346 2023 in
1413 1979 1543 2029 una
1600 1978 1908 2042 persona,
1971 1968 2035 2022 et
2077 1961 2194 2023 vix
2239 1963 2514 2043 compati
2559 1979 2637 2024 se

296 2073 569 2146 possunt
613 2064 678 2125 iu
720 2082 853 2127 una
906 2067 1203 2148 civitate,
1268 2074 1530 2148 propter
1585 2064 2059 2128 difformitatem
2102 2065 2170 2127 in
2217 2065 2436 2129 multis
2477 2083 2636 2147 gra-

296 2168 493 2231 vibus
536 2179 599 2231 et
653 2171 909 2251 maguis
953 2170 1258 2233 articulis.
1332 2171 1634 2235 Ecclesia
1683 2185 1951 2233 romana
2012 2169 2313 2232 toleravit
2376 2170 2633 2252 quidem

297 2274 447 2338 olim
493 2275 681 2337 ritum
705 2277 1121 2359 Graecorum,
1172 2284 1235 2338 et
1277 2283 1491 2339 tamen
1536 2292 1659 2338 nec
1699 2283 1854 2336 tunc
1896 2273 2072 2336 licuit
2117 2292 2267 2337 esse
2312 2273 2637 2339 Graccum

298 2388 363 2443 et
404 2379 706 2441 Latinum
748 2378 970 2462 simul,
1016 2379 1214 2443 multo
1258 2380 1470 2442 minus
1531 2397 1740 2461 nuuc,
1809 2395 1957 2441 cum
2005 2396 2121 2441 eos
2166 2379 2450 2442 ecclesia
2487 2388 2639 2442 tau-

297 2503 490 2567 quam
553 2484 1006 2547 scbismaticos
1069 2492 1136 2545 et
1191 2482 1554 2549 haereticos
1610 2482 2028 2566 condemnet,
2095 2492 2157 2546 et
2208 2484 2334 2565 ipsi
2391 2478 2638 2547 Graeci

301 2606 423 2652 nos
464 2588 532 2651 in
569 2589 709 2651 suis
753 2588 988 2652 officiis
1027 2589 1273 2671 vitent,
1315 2597 1379 2650 et
1423 2587 1718 2651 omuibus
1758 2587 2095 2650 (lominicis
2138 2586 2370 2650 diebus
2413 2587 2637 2650 eccle-

300 2693 466 2757 siam
527 2693 788 2756 latinam
833 2693 1453 2756 excommunicatam
1493 2694 1923 2775 pronunciant
1968 2711 2089 2755 suo
2120 2692 2377 2774 populo,
2409 2701 2471 2754 et
2518 2708 2637 2753 nos

300 2797 574 2860 Latinos
615 2815 824 2881 usque
866 2797 949 2860 ad
1013 2797 1459 2861 exterminium
1523 2797 1673 2860 odio
1734 2798 1991 2869 habent.
2082 2796 2421 2877 Quomodo
2481 2814 2637 2878 ergo

304 2910 520 2985 potest
584 2904 691 2966 vir
731 2903 972 2984 probus
1029 2911 1094 2965 et
1136 2902 1347 2965 bonus
1391 2902 1748 2971 catholicus
1805 2920 1959 2965 esse
2032 2902 2348 2985 plebanus
2403 2900 2640 2963 latinus

303 3014 371 3069 et
411 3005 743 3090 graecus?
824 3006 1039 3070 Nemo
1076 3007 1204 3070 hoc
1257 3009 1393 3090 agit
1452 3008 1579 3071 uisi
1637 3009 1749 3092 qui
1806 3007 2143 3091 cupiditati·
2199 3016 2264 3071 et
2320 3006 2638 3089 voluptati

302 3110 686 3174 satisfacere
742 3108 890 3194 (B)
951 3111 1244 3174 iuteudit.
1351 3093 1547 3175 Tales
1609 3114 1779 3176 euim
1848 3134 1962 3198 ea,
2024 3133 2190 3198 quae
2250 3113 2310 3174 in
2374 3122 2639 3190 utroque

302 3214 666 3279 sacerdotio
707 3215 790 3278 ad
833 3215 1227 3298 voluptatem
1271 3219 1614 3300 pertinent,
1644 3228 2016 3302 acceptant:
2064 3238 2338 3282 onerosa
2386 3238 2535 3278 vero
2579 3226 2635 3274 et

303 3318 466 3382 dura
520 3328 649 3382 tam
691 3321 799 3385 hic
841 3340 1031 3405 quam
1086 3320 1220 3383 illic
1288 3331 1617 3404 respuunt.
1705 3323 1896 3386 Multi
1943 3342 2214 3407 namquo
2262 3322 2639 3382 sacerdotes

304 3423 488 3487 latini
561 3425 644 3488 ad
716 3427 904 3489 ritum
967 3443 1274 3510 graecum
1342 3443 1418 3488 se
1475 3427 1902 3507 transferunt,
1970 3437 2037 3494 ut
2100 3446 2334 3490 uxores
2406 3426 2639 3486 ducere

305 3526 618 3613 audeaut,
698 3530 817 3593 sed
894 3546 1041 3597 cum
1121 3530 1246 3593 hoc
1319 3529 1721 3593 libertatibus
1800 3516 2137 3594 latinorum
2234 3530 2639 3590 sacerdotnm

306 3631 594 3714 gaudere
632 3634 895 3715 volunt,
936 3651 1104 3717 quae
1145 3642 1361 3697 tamen
1405 3652 1628 3696 eorum
1672 3653 1799 3698 nou
1840 3645 1993 3697 sunt
2042 3646 2162 3697 etc.
2254 3638 2451 3714 Igitur
2499 3654 2643 3694 oum

307 3734 465 3799 solis
510 3736 773 3800 ardores
837 3739 1180 3801 mitescere
1246 3740 1633 3820 inciperent,
1702 3740 1967 3803 meridie
2032 3751 2354 3803 transirem
2402 3742 2643 3798 bestias

307 3848 564 3903 nostras
622 3842 1066 3926 ascendimus,
1124 3852 1192 3908 et
1252 3850 1478 3905 contra
1536 3860 1713 3904 mare
1771 3842 2224 3907 descendimus
2298 3862 2507 3928 usque
2562 3841 2644 3904 ad

308 3943 654 4009 ecclesiam
697 3944 771 4015 S.
813 3949 1083 4031 Lazari,
1149 3966 1317 4032 quae
1389 3964 1590 4030 supra
1630 3950 1828 4012 maris
1885 3945 2048 4012 litus
2097 3958 2264 4012 stat:
2334 3957 2400 4011 et
2454 3945 2646 4034 galea

308 4057 529 4112 nostra
571 4069 655 4113 ex
698 4053 995 4135 opposito
1039 4052 1183 4134 ejus
1225 4051 1419 4135 longe
1447 4053 1527 4114 ¹in
1568 4056 1762 4135 mari3
1831 4052 2045 4138 ibique
2086 4054 2331 4117 bestias
2370 4039 2647 4116 dominis

306 4153 450 4215 suis
487 4155 872 4221 remisimus.
961 4156 1121 4220 Erat
1161 4165 1375 4220 autem
1412 4174 1611 4238 super
1654 4157 1809 4222 litus
1853 4160 2051 4222 maris
2093 4176 2398 4242 magnum
2438 4155 2643 4220 sorum

305 4265 376 4320 et
415 4259 743 4327 hominum
812 4260 1151 4331 multorum
1212 4263 1634 4346 congregatio
1708 4269 1970 4345 prepter
2028 4263 2283 4347 galeam
2339 4271 2647 4359 nostram,

2164 4364 2233 4423 12
