3242 5259
1770 350 1901 419 226

663 542 988 605 cisternas
1028 540 1093 601 in
1133 554 1213 599 eo
1260 533 1575 617 vidimus,
1634 529 1801 618 qiias
1844 536 2098 616 fratres,
2143 532 2294 598 dum
2343 534 2680 598 'emissent
2718 534 2997 618 hortum,

657 656 724 710 et
766 644 1092 725 foderunt,
1140 631 1514 722 repererunt
1560 649 1732 703 terra
1773 649 1839 702 et
1871 638 2204 722 'lapidibus
2248 638 2573 720 repletas,·
2597 656 2762 723 quas
2806 657 2999 703 mnn-

659 751 1012 831 daverunt‚
1057 757 1125 810 et
1174 745 1426 809 canalia
1469 751 1773 829 aptantes
1817 752 2106 827 tempere
2146 743 2414 827 pluviali
2461 747 2739 826 optimas
2790 763 2998 830 aquas

660 857 724 918 in
771 858 869 916 eis
942 850 1282 935 colligunt:
1350 865 1472 912 nec
1534 849 1708 911 enim
1756 848 2001 912 sufficit
2042 848 2142 913 eis
2184 865 2355 931 aqua
2411 847 2587 913 illlus
2652 851 2997 936 emensae,

659 977 831 1045 quae
872 963 978 1019 est
1019 966 1171 1054 ante
1214 954 1643 1037 refectorium,
1677 952 1759 1015 de
1804 965 1933 1038 qua
1973 960 2172 1036 supra
2206 952 2315 1016 fol.
2337 952 2440 1016 9⁷.
2474 951 2560 1015 A.
2605 957 2999 1020 mentionem

665 1063 825 1145 feci,
888 1080 1006 1145 per
1048 1068 1391 1143 aestatem,
1466 1073 1782 1143 quae-me
1843 1059 1931 1122 ibi
1993 1060 2316 1121 existente
2383 1058 2728 1123 defecerat.
2808 1060 3000 1125 Unde

657 1166 854 1231 valde
894 1166 1309 1228 necessariae
1370 1172 1525 1227 snnt
1581 1166 1678 1225 eis
1717 1164 2039 1227 cisternae
2096 1163 2266 1225 horti
2327 1161 2520 1225 illius.
2607 1164 2778 1227 Nam
2843 1174 3000 1230 ante

658 1272 802 1335 eius
845 1271 1231 1352 emptionem
1275 1269 1689 1352 patiebantur
1734 1268 1802 1331 in
1845 1269 2035 1331 annis
2093 1267 2291 1331 aridis
2334 1276 2400 1329 et
2441 1268 2639 1331 siccis
2695 1287 2995 1353 magnam

656 1393 969 1460 aquarum
1005 1374 1373 1458 penuriam,
1416 1374 1536 1438 sed
1576 1374 1767 1437 horto
1814 1369 2032 1437 habito
2084 1371 2222 1456 pati
2278 1392 2405 1436 non
2449 1381 2729 1458 possunt
2770 1373 2999 1437 defec-

653 1490 791 1545 tum
835 1498 1181 1564 aquarum,
1226 1478 1398 1564 quod
1447 1461 1753 1561 ma'gnum
1797 1485 2127 1562 reputatur
2168 1482 2233 1541 in
2277 1479 2671 1549 Jerusalem.
2753 1480 2828 1541 In
2868 1480 2998 1543 hoc

652 1588 921 1668 insuper
962 1585 1147 1648 horto
1190 1583 1455 1650 diversa
1492 1592 1740 1667 genera
1780 1585 2078 1647 arborum
2120 1585 2382 1668 plantas
2425 1586 2684 1665 habent,
2727 1584 2996 1648 ficorum

652 1699 722 1755 et
762 1681 1348 1773 malagranatorum
1392 1696 1516 1752 etc.
1564 1696 1634 1778 et
1676 1687 1854 1751 olera
1896 1708 2013 1772 pro
2081 1699 2445 1755 conventus
2499 1692 2991 1754 sustentatione.

654 1795 779 1859 Est
810 1804 1020 1859 autem
1064 1795 1293 1858 hortus
1337 1792 1449 1854 ille
1491 1793 1884 1878 quadratus,
1928 1797 1996 1858 in
2039 1813 2239 1860 cornu
2302 1797 2536 1860 montis
2581 1795 2766 1880 Syon
2808 1797 2996 1879 posi-

653 1908 796 1983 tus,
853 1907 921 1962 et
976 1900 1064 1966 ibi
1127 1900 1209 1962 ab
1273 1897 1606 1961 occidente
1670 1900 1865 1962 habet
1918 1900 2328 1965 conventum
2384 1911 2451 1964 et
2517 1902 2863 1964 ecclesiam
2925 1908 2994 1962 et

642 2005 873 2088 jugum
913 2005 1152 2068 montis
1197 2002 1380 2086 Syori
1421 2002 1549 2065 sibi
1603 2004 1912 2087 aequale:
1974 2025 2091 2089 per
2143 2007 2306 2069 alias
2349 2016 2483 2069 tres
2539 2014 2758 2089 partes
2797 2004 2995 2068 habet

656 2109 898 2192 valles,
942 2118 1010 2173 et
1051 2117 1157 2171 est
1198 2095 1483 2171 maceria
1519 2107 1791 2172 cinctus.
1877 2110 2048 2174 Nam
2087 2115 2170 2175 ab
2240 2121 2463 2175 austro
2501 2112 2697 2175 habet
2750 2110 2990 2174 vallem

652 2214 1136 2308 Aeneidemach
1174 2230 1320 2277 cum
1365 2220 1584 2277 monte
1603 2212 1834 2299 Gyen:
1881 2217 1961 2279 ab
2005 2218 2253 2281 oriente
2295 2218 2490 2281 habet
2528 2217 2766 2280 vallem
2790 2214 2996 2299 Syloe

648 2337 797 2384 cum
844 2329 1063 2383 monte
1105 2317 1532 2402 offensionis,
1569 2328 1636 2382 et
1676 2330 2152 2406 consequenter
2202 2321 2443 2385 vallem
2484 2322 2807 2403 Josaphat
2844 2338 2990 2384 eum

645 2433 866 2489 'monte
908 2423 1192 2507 oliveti,
1251 2425 1332 2487 ab
1378 2424 1682 2508 aquilone
1723 2426 1925 2490 babet
1972 2426 2172 2490 Mello
2215 2444 2363 2490 cum
2421 2427 2687 2489 civitate
2742 2434 2988 2488 sancta.

643 2528 1097 2595 'transivimus
1135 2547 1293 2612 ergo
1339 2549 1455 2613 per
1498 2531 1869 2615 circuitum,
1930 2541 1997 2595 et
2036 2547 2154 2616 per
2180 2531 2537 2595 maceriam
2584 2530 2883 2594 deorsum
2923 2530 2994 2592 in

589 2673 611 2690 ·
649 2636 859 2699 valles
904 2637 1344 2719 respeximus,
1418 2643 1486 2698 et
1545 2635 1631 2699 ad
1676 2637 2010 2719 oppositos
2051 2642 2342 2719 montes3
2401 2644 2469 2699 et
2510 2646 2612 2699 est
2654 2643 2993 2720 respectus

648 2741 846 2805 valde
911 2739 1318 2804 delectabilis
1394 2741 1629 2805 scienti
1702 2743 2078 2825 scripturas.
2181 2744 2338 2825 Ipsa
2424 2750 2640 2806 autem
2711 2740 2991 2804 maceria

652 2846 924 2929 cingens
965 2846 1220 2910 hortum
1267 2846 1472 2929 petris
1514 2847 1805 2930 abruptis
1848 2858 1952 2913 est
1991 2848 2440 2933 supraposita,
2497 2854 2565 2909 et
2606 2847 2695 2909 ibi
2733 2845 2994 2909 videtur

645 2949 869 3014 adhuc
929 2951 1413 3034 antiquissimus
1475 2971 1699 3015 murus
1748 2953 1930 3038 Syon
1977 2964 2042 3017 et
2084 2956 2348 3017 turrium
2410 2949 2855 3032 fundamenta,
2918 2957 2995 3012 et

645 3056 853 3119 multa
923 3062 1146 3137 patent
1200 3055 1289 3117 ibi
1362 3055 1445 3118 ad
1501 3057 1798 3134 oculum,
1871 3058 1955 3121 de
2012 3060 2247 3142 quibus
2301 3060 2371 3123 in
2411 3058 2747 3142 Scriptura
2801 3067 2995 3119 saera

647 3157 887 3221 mentio
929 3159 1033 3241 fit,
1090 3177 1263 3242 quae
1303 3158 1537 3245 legens
1605 3160 1958 3226 difficulter
2010 3163 2349 3249 intelligit,
2392 3172 2465 3228 ut
2507 3163 2591 3227 de
2631 3162 2864 3243 Mello,
2908 3159 3001 3223 tle

649 3261 840 3345 Gyen
860 3307 879 3344 ‚
944 3262 1027 3325 de
1078 3262 1397 3348 vallibus,
1441 3275 1510 3329 et
1548 3274 1830 3330 caetera.
1912 3267 2112 3333 Porro
2153 3271 2253 3334 sic
2309 3270 2500 3332 nobis
2562 3269 2883 3331 stantibus
2924 3274 2997 3330 et

643 3366 731 3430 de
767 3365 900 3430 alto
920 3368 1409 3451 speculantibus
1431 3373 1698 3436 emersit
1722 3374 1893 3435 luter
1924 3375 2305 3458 peregrinos
2346 3374 2588 3438 milites
2615 3371 2989 3434 saeculares

600 3532 607 3539 .
638 3472 1116 3556 constabulum,
1160 3490 1353 3557 quam
1396 3484 1650 3559 oportet
1689 3476 1797 3539 hic
1839 3479 2132 3542 recitare.
2189 3478 2405 3565 Super
2444 3480 2792 3553 maceriam
2831 3493 2992 3560 pro-

642 3576 1011 3660 tabuimus,
1074 3584 1141 3641 ot
1182 3588 1409 3643 contra
1461 3581 1789 3644 civitatem
1848 3582 2218 3648 Jerusalem
2262 3594 2328 3648 et
2368 3583 2613 3648 vallem
2667 3580 2990 3666 Josaphat

645 3685 1045 3761 respeximus
1093 3685 1306 3765 [107
1326 3685 1454 3765 xl).
1550 3689 1942 3750 Saeculares
1987 3695 2203 3752 autem
2254 3689 2347 3756 illi
2392 3689 2645 3753 cunctis
2690 3685 2987 3772 objectis,

645 3805 813 3869 quan
857 3809 1013 3869 prae
1061 3793 1266 3849 aculis
1310 3793 1742 3873 habebamus!
1790 3795 2084 3876 nmissiS‚
2145 3796 2364 3856 visum
2408 3811 2605 3877 super
2657 3792 2988 3875 templum,

641 3889 809 3973 quod
861 3893 1093 3953 dicitur
1137 3893 1502 3957 Salomonis
1518 3941 1538 3977 3
1596 3899 2048 3982 reflectebant3
2092 3907 2157 3960 et
2201 3897 2284 3961 de
2341 3897 2451 3960 illo
2514 3896 2993 3961 admirabantur

645 4005 705 4053 et
753 4013 897 4057 eum
937 3997 1177 4061 intrare.
1221 4009 1286 4061 et
1330 4001 1550 4061 videre
1594 4009 1931 4085 nptahtmt,
1983 4013 2049 4067 et
2088 4002 2294 4067 multa
2352 4002 2774 4086 disputabant
2821 4003 2994 4064 inter

641 4117 749 4177 se,
797 4101 1117 4181 quomoda}
1161 4105 1286 4169 hnc
1330 4109 1634 4189 templum
1678 4129 1718 4169 a
1774 4121 2060 4191 tempore
2131 4106 2499 4170 Salomonis
2541 4126 2753 4191 usque
2813 4124 3019 4171 nnnc·

645 4205 993 4289 duraverit,
1041 4217 1105 4269 et
1149 4213 1298 4273 talia
1338 4213 1674 4293 luqufflttes
1722 4233 1842 4297 ega
1885 4212 2317 4277 attendebam.
2378 4211 2678 4297 Cumque
2720 4213 2988 4297 longum

641 4309 929 4377 mutilem
973 4333 1334 4377 sermenem
1380 4317 1842 4401 protraherent,
1877 4317 2009 4381 dixi
2051 4320 2182 4382 eis:
2232 4319 2319 4381 mi
2354 4316 2612 4381 Domini
2652 4327 2718 4379 et
2747 4317 2990 4380 fratres

641 4421 1001 4501 peregrini,
1073 4437 1238 4505 quae
1310 4433 1410 4485 est
1474 4441 1702 4501 eausa,
1782 4423 1955 4505 quod
2028 4432 2162 4496 tam
2225 4432 2456 4489 sancta
2515 4432 2582 4489 et
2649 4421 2991 4508 praeclara
