3242 5259
1589 301 1719 370 ³0⁴

488 489 600 577 uhi
619 486 908 569 dicitur,
974 484 1147 569 qued
1189 482 1681 549 lta-madoci:
1721 486 1870 548 siue
1923 492 2140 567 patre,
2182 483 2328 546 sine
2383 490 2623 565 matre,
2684 482 2831 545 sine

486 591 908 677 genealogia,
950 609 1165 672 neque
1206 591 1461 653 initium
1505 588 1750 653 dierum
1797 589 2073 670 habere,
2138 605 2349 671 neque
2397 589 2590 650 finem
2632 588 2829 651 vitae.

487 694 682 775 Quod
727 705 943 758 tamen
985 714 1114 758 non
1157 696 1250 758 ita
1292 693 1740 777 accipiendum
1783 701 1908 776 est,
1951 691 2124 778 quod
2169 691 2662 756 Melchisedech
2705 710 2835 755 nec

486 811 684 866 natus
726 818 851 864 nec
892 810 1183 865 mortuus
1233 800 1464 883 fuerit,
1512 808 1583 862 et
1626 800 1772 863 sine
1812 799 2214 882 genitoribus
2257 798 2617 878 exstiterit,
2660 800 2834 861 sicut

488 904 1066 970 melchisedeciani
1103 906 1413 968 haeretici
1455 903 1706 987 dicunt,
1741 905 1853 987 qui
1886 906 2093 987 ipsum
2124 903 2333 967 fuisse
2358 921 2486 966 nou
2509 903 2833 967 hominem

492 1011 911 1095 profitentur,
979 1018 1051 1072 ut
1131 1010 1407 1074 habetur
1448 1055 1463 1071 .
1511 1053 1528 1071 .
1576 1054 1592 1071 .
1640 1055 1656 1071 .
1696 1030 1713 1071 ι
1811 1008 2069 1094 quidam
2157 1016 2374 1071 autem
2463 1016 2585 1071 etc.
2695 1006 2831 1070 Sed

491 1119 587 1183 ita
629 1114 1076 1197 accipiendum
1121 1123 1256 1197 est,
1298 1113 1471 1199 quod
1511 1115 1580 1175 in
1622 1115 1904 1178 veritate
1942 1116 2272 1198 genitores
2330 1113 2590 1195 habuit,
2653 1114 2837 1175 vitae

484 1222 741 1288 initium
784 1229 851 1282 et
892 1219 1119 1303 finem,
1163 1219 1285 1282 sed
1326 1220 1453 1283 hoc
1493 1219 1897 1301 investigare
1939 1238 2127 1283 nemo
2167 1236 2449 1301 unquam
2492 1220 2717 1300 potuit,
2758 1227 2833 1281 ut

490 1334 670 1389 esset
709 1326 919 1408 figura
962 1325 1361 1388 conveniens
1405 1327 1653 1387 aeterni
1695 1323 2043 1388 sacerdotii
2084 1323 2357 1392 Christi.
2437 1321 2628 1386 Unde
2661 1323 2830 1385 Hie-

495 1448 805 1513 ronymus
851 1431 917 1492 in
981 1428 1259 1513 epistola
1301 1426 1386 1490 ad
1448 1430 1800 1511 Evagrium
1870 1429 2247 1492 mirabiliter
2301 1428 2549 1491 invehit
2610 1437 2834 1491 contra

492 1554 637 1618 eos,
681 1535 792 1620 qui
836 1534 1159 1613 dicebant,
1201 1532 1690 1597 Melchisedech
1732 1552 1862 1596 nou
1906 1534 2114 1597 fuisse
2154 1534 2498 1615 hominem,
2540 1534 2661 1597 sed
2701 1533 2825 1596 Dei

492 1640 693 1704 filium
736 1649 851 1702 aut
912 1638 1236 1723 angelum.
1323 1639 1409 1700 Et
1468 1639 1593 1703 hoc
1636 1638 1934 1702 dicentes
1988 1643 2343 1702 censentur
2407 1639 2489 1702 ab
2549 1639 2832 1703 ecclesia

492 1746 804 1808 haeretici
845 1742 1487 1808 Melchisedechiani.

666 1956 742 2017 ln
785 1955 910 2019 hac
948 1952 1200 2036 capella
1241 1962 1395 2015 sunt
1423 1953 1667 2036 sepulti
1705 1973 1897 2038 reges
1927 1955 2132 2040 latini,
2169 1955 2283 2039 qui
2316 1957 2560 2018 virtute
2600 1970 2835 2036 magna

494 2058 692 2138 (11¹7
712 2059 822 2143 A)
919 2067 987 2121 et
1053 2058 1349 2119 maximis
1425 2057 1753 2122 laboribus
1816 2070 2049 2124 terram
2117 2069 2402 2125 sanctam
2467 2060 2536 2121 in
2606 2075 2833 2121 manus

504 2163 1020 2230 Christianorum
1062 2161 1464 2225 reduxerunt
1502 2172 1567 2225 et
1606 2164 2064 2249 subdiderunt,
2119 2175 2184 2228 et
2226 2166 2624 2227 Sarracenos
2666 2161 2839 2225 ultra

495 2269 753 2334 modum
797 2276 1225 2349 vexaverunt,
1269 2274 1339 2329 et
1381 2269 1607 2334 mirum
1653 2279 1779 2353 est,
1820 2270 1992 2355 quod
2035 2291 2165 2335 nou
2201 2271 2576 2353 discerpunt
2618 2268 2837 2333 eccle-

494 2375 659 2437 siam
700 2383 961 2458 propter
1001 2389 1272 2455 corpora
1313 2372 1587 2437 illorum.
1645 2374 1814 2440 Sunt
1857 2386 2081 2440 autem·
2112 2377 2179 2439 hi
2218 2393 2409 2459 reges
2449 2376 2539 2438 ibi
2579 2374 2836 2458 sepulti,

504 2479 785 2542 scilicet:
834 2494 950 2540 rex
1004 2477 1345 2542 Gotfridus
1388 2477 1471 2540 de
1513 2478 1770 2544 Bullion
1813 2483 2093 2564 primus,
2164 2479 2300 2545 dux
2353 2478 2836 2562 Lothariugiae,

497 2586 609 2667 qui
640 2603 810 2647 anno
834 2584 1092 2647 Domini
1112 2582 1622 2646 thxxxvl.
1646 2595 1839 2667 capta
1863 2586 2321 2670 Hierosolyma
2341 2606 2457 2668 per
2492 2586 2838 2649 universes

496 2690 827 2772 principes
893 2686 1248 2752 occidentis
1322 2700 1576 2753 creatus
1633 2691 1755 2754 fuit
1798 2711 1914 2754 rex
1967 2690 2366 2774 Jerusalem,
2417 2699 2485 2753 et
2547 2696 2840 2752 mortuus

499 2794 606 2859 hic
682 2794 752 2856 in
796 2794 1077 2858 ecclesia
1147 2792 1218 2856 S.
1286 2794 1618 2876 sepulchri
1695 2797 1995 2880 sepultus
2058 2804 2180 2860 est.
2270 2796 2421 2860 Rex
2481 2793 2839 2859 Balduinus

497 2900 579 2961 11.
596 2941 619 2982 ,
665 2907 731 2961 et
774 2900 887 2961 111.
980 2919 1100 2962 rex
1164 2898 1540 2964 Balduinus.
1626 2901 1744 2964 IV.
1807 2902 2014 2964 Fullo.
2101 2902 2185 2965 V.
2263 2900 2639 2969 Baldninus.
2715 2896 2832 2958 VI.

506 3001 902 3067 Almaricus.
984 3001 1138 3071 vn.
1214 3004 1591 3069 Balduinus.
1690 3007 1870 3069 vm.
1960 3005 2338 3069 Baldninus.
2423 3005 2542 3075 IX.
2606 2999 2837 3065 Gnido.

501 3106 632 3170 Hie
671 3107 936 3171 ultimus
977 3106 1410 3189 pusillanimis
1454 3109 1595 3192 suit,
1640 3118 1707 3171 et
1744 3117 2041 3173 sanctam
2086 3113 2415 3175 civitatem
2457 3116 2526 3175 et
2567 3125 2839 3191 regnum

498 3208 867 3274 Jerusalem
909 3210 1220 3294 neglexit.
1302 3211 1547 3277 Contra
1589 3234 1782 3299 quem
1825 3215 2107 3300 insurgit
2170 3214 2472 3279 dominus
2525 3217 2844 3277 Bertran-

503 3314 659 3397 ὼε,
702 3331 926 3378 comes
966 3316 1412 3402 tripolitanus,
1457 3320 1569 3402 qui
1611 3322 1806 3382 etiam
1851 3329 1994 3383 erat
2041 3320 2425 3384 catholicus.
2513 3317 2650 3381 Sed
2689 3319 2841 3401 quia

507 3437 633 3486 rex,
671 3417 889 3484 fluido
940 3429 1172 3503 potens
1216 3422 1374 3516 fuit,
1432 3443 1557 3487 nec
1596 3426 1809 3508 potuit
1854 3444 1998 3489 eum
2059 3424 2457 3488 Bertrandus
2516 3422 2841 3486 debellare

504 3541 649 3587 cum
715 3525 885 3608 suis,
953 3529 1339 3591 convocavit
1405 3530 1476 3592 in
1540 3530 1854 3594 auxilium
1918 3539 2144 3593 contra
2199 3549 2419 3614 regem
2473 3526 2841 3591 Jerusalem

504 3646 728 3712 regem
778 3632 1029 3715 Egypti
1045 3676 1066 3714 ,
1111 3630 1499 3718 soldanum,
1535 3643 1602 3697 et
1644 3634 1801 3698 fecit
1843 3644 2100 3719 pactum
2142 3653 2289 3699 cum
2328 3633 2730 3714 sarracenis,
2776 3640 2844 3694 et

507 3730 867 3798 Gnidonem
924 3737 1344 3818 expugnavit.
1429 3738 1753 3803 videntes
1814 3749 2029 3804 autem
2070 3739 2411 3804 sarraceni
2453 3747 2517 3801 et
2558 3736 2843 3821 gentiles

509 3839 841 3899 dissidium
889 3843 1106 3923 regni
1166 3855 1222 3903 et
1274 3846 1441 3923 qumi
1490 3843 1842 3909 Christiani
1884 3848 1953 3910 in
2008 3864 2086 3910 ee
2147 3846 2312 3929 ipsis
2363 3853 2586 3907 essent
2627 3841 2840 3923 divisi,

509 3943 961 4023 conglomerati
1025 3959 1330 4027 ceperunt
1394 3951 1721 4012 ciuitatem
1780 3958 2106 4032 sanctam,
2179 3948 2406 4032 ejectis
2448 3947 2601 4012 inde
2644 3946 2844 4009 chri-

505 4047 777 4131 minuis
841 4055 905 4111 et
951 4071 1066 4131 per
1130 4071 1538 4135 consequens
1602 4063 1801 4118 lotam
1862 4063 2097 4118 terram
2139 4063 2433 4118 molam
2487 4055 2843 4117 amiserunt

509 4151 873 4215 Christiani.
901 4155 985 4215 Et
1009 4159 1278 4239 praefati
1310 4179 1494 4239 reges
1522 4177 1744 4223 omnes
1767 4166 2205 4243 regnaverunt
2226 4154 2845 4224 annishxxxvm

505 4255 749 4319 131le
789 4255 1017 4323 diebus
1062 4263 1126 4323 iu
1170 4263 1554 4343 Jerusalem,
1594 4273 1657 4328 et
1698 4267 1989 4329 cessavit
2028 4283 2298 4349 regnum
2330 4263 2846 4346 translatamque

513 4375 613 4423 est
657 4375 721 4427 et
773 4363 1057 4427 additum
1110 4383 1306 4451 regno
1354 4371 1687 4455 Aegypti,
1731 4371 1909 4438 sieut
1951 4379 2058 4439 est
2098 4369 2205 4452 die
2243 4371 2389 4453 hac,
