3242 5259
1573 342 1879 417 ,4361

603 530 808 613 nostri
882 528 1186 591 ductores
1228 512 1289 591 et
1351 543 1473 591 nos
1534 521 1939 603 conturbati3
1996 516 2531 603 conglobavimus
2586 537 2745 583 vero
2817 532 2955 584 nos

604 632 926 716 peregrini
961 634 1030 693 in
1074 622 1303 715 utnu'm,
1347 640 1412 694 et
1434 629 1835 693 Sarracenos
1876 622 2180 688 ductores
2219 631 2480 686 nostros
2522 626 2667 688 cum
2709 633 2953 707 patro-

606 738 711 801 nis
753 734 1082 818 galearum
1127 753 1249 803 nos
1293 733 1686 822 praecedere
1744 730 2183 815 permisimuS,
2228 722 2431 805 (1611
2452 727 2561 810 Α)
2604 737 2669 792 et
2712 730 2951 794 formi-

605 836 815 905 dulosi
875 848 1095 905 nostro
1137 841 1238 902 sic
1280 840 1538 921 agmine
1604 836 1931 900 ordinato*-
1959 842 2203 896 contra„
2251 840 2545 915 raptores
2592 840 2632 895 'e
2674 834 2949 899 diverso

585 946 945 1009 -venien‘tes
990 944 1455 1026 processimus3
1501 959 1631 1004 non
1675 948 1815 1002 erat
1860 939 2034 1001 ‘enim
2073 936 2258 999 locus
2300 954 2424 999 nec
2448 945 2703 1019 tempus
2736 937 2952 1021 fugae

603 1057 823 1133 aptum
841 1071 864 1130 ,‘
915 1027 1041 1110 'sed
1082 1051 1143 1112 si
1187 1049 1441 1131 fuisset,
1484 1042 1671 1127 terga
1710 1044 2231 1128 praebuissemus
2274 1040 2945 1139 istis-spoliatoribus.

577 1152 910 1238 --Cumqne'
944 1150 1028 1215 ad
1085 1165 1203 1211 eos
1243 1148 1689 1232 venissemus,
1737 1155 1807 1211 et
1836 1140 2218 1211 ‘anferiores
2272 1144 2626 1229 procedere
2668 1146 2945 1228 vellent,

606 1258 989 1321 obstiterunt
1047 1253 1173 1335 illi,
1236 1261 1304 1313 ct
1366 1252 1541 1314 viam
1607 1232 2281 1335 praeoccupa'irerunt,
2346 1268 2431 1311 ne
2473 1251 2620 1333 quis
2660 1252 2948 1313 ‘transire

603 1366 866 1445 posset,
934 1367 1000 1421 et
1065 1350 1340 1440 amplius
1396 1358 1588 1440 quam
1654 1375 1772 1439 per
1822 1356 2045 1423 horam
2101 1355 2188 1417 ibi
2237 1350 2567 1437 stetimns3
2630 1354 2947 1418 ductores

604 1465 775 1528 enim
821 1463 1025 1526 nostri
1066 1470 1131 1523 et
1167 1460 1418 1543 patroni
1459 1477 1604 1523 cum
1648 1462 1748 1522 eis
1810 1460 1892 1523 de
1946 1459 2382 1522 conventione
2427 1460 2825 1542 tractabant,
2870 1469 2947 1522 et

604 1566 810 1633 multa
849 1566 1135 1630 clamosa
1177 1565 1386 1648 litigia
1416 1563 1608 1626 simul
1652 1564 1993 1646 habebant,
2029 1583 2215 1625 nemo
2258 1569 2477 1626 tamen
2519 1564 2712 1625 alium
2742 1563 2949 1626 laesit

589 1672 842 1755 -q'uoyis
884 1670 1111 1746 moda,
1157 1670 1310 1752 quia
1352 1668 1700 1732 orientales
1736 1688 1864 1731 non
1909 1667 2268 1750 procedunt
2312 1670 2529 1730 statim
2554 1666 2657 1728 'ad
2695 1667 2945 1731 laesio-

606 1776 754 1838 nem
798 1791 1136 1857 personae,
1173 1773 1300 1834 nisi
1342 1774 1478 1835 vim
1520 1774 1590 1834 vi
1631 1772 1947 1853 repellere
1990 1760 2326 1856 cogantur,
2355 1791 2479 1835 nec
2521 1778 2707 1834 erant
2748 1771 2946 1835 nobis

605 1878 850 1942 inimici
921 1876 1174 1940 Arabes
1229 1876 1357 1959 illi,
1408 1875 1529 1938 scd
1583 1877 1793 1940 solum
1856 1878 2197 1960 pecuniam
2242 1896 2283 1939 a
2314 1877 2511 1940 *nobis
2577 1877 2945 1960 exigebant,

604 1998 802 2064 quam
837 1980 1065 2044 dicunt
1107 1980 1190 2042 de
1223 1977 1374 2061 jure
1410 1978 1539 2040 sibi
1579 1978 1979 2064 competere,
2043 1989 2114 2045 ut
2156 1983 2356 2064 saepe
2395 1983 2467 2042 in
2510 1982 2944 2066 sequentibus

605 2086 1004 2149 habebimus
1089 2083 1166 2147 si
1208 2083 1378 2145 enim
1421 2085 1491 2145 vl
1545 2091 1611 2145 et
1659 2093 1883 2147 contra
1930 2085 2326 2149 voluntatem
2383 2100 2605 2149 eorum
2666 2102 2943 2168 proces—

605 2191 962 2271 sissemus,
1005 2188 1404 2251 dinishsent
1445 2185 1741 2270 quidem,
1797 2188 1957 2271 quia·
1993 2204 2250 2251 eramus
2292 2189 2513 2270 plures
2553 2206 2749 2273 quam
2789 2190 2943 2272 ipsi,

603 2292 724 2357 sed
765 2293 1017 2357 interim
1087 2291 1523 2356 advocassent
1590 2308 1752 2367 suos
1794 2291 2177 2375 complices,
2243 2302 2312 2355 et
2362 2293 2773 2357 obsedissent
2815 2311 2944 2357 nos

591 2398 671 2458 in
724 2397 1100 2460 Bethlehem
1117 2439 1137 2478 ,
1198 2398 1264 2457 et
1320 2408 1533 2479 usque
1586 2393 1671 2457 ad
1724 2404 2079 2458 extremum
2141 2415 2262 2460 nos
2320 2407 2798 2481 coarctassent,
2860 2409 2939 2463 et

463 2499 472 2508 '
607 2500 777 2563 forte
816 2501 1034 2583 gavisi
1070 2500 1391 2582 fuissent,
1435 2502 1493 2562 si
1558 2508 1706 2561 cum
1742 2498 2051 2561 violentia
2108 2518 2224 2564 eos
2265 2504 2942 2586 pertransivimmus,

605 2612 869 2687 propter
901 2604 1184 2687 maJorcs
1226 2606 1714 2684 accusationes,
1770 2620 1895 2665 nec
1936 2612 2153 2667 tamen
2195 2606 2438 2691 aliquid
2493 2608 2943 2690 potuissemus

605 2716 836 2772 contra
885 2722 1022 2772 'eos
1083 2704 1316 2791 agere,
1375 2707 1675 2792 quamvis
1730 2724 1853 2770 nos
1914 2707 2135 2790 plures
2198 2728 2526 2793 essemus,
2583 2712 2736 2793 quia
2786 2713 2946 2793 'ipsi

608 2812 838 2875 armati
880 2820 1068 2886 erant
1122 2814 1368 2895 hastis,
1433 2810 1669 2894 gladiis
1743 2821 1810 2875 et
1867 2814 2176 2896 arcubus,
2243 2830 2365 2876 nos
2413 2834 2572 2878 vero
2632 2816 2942 2898 inermes,

607 2913 844 2978 demtis
912 2914 1288 2980 ductoribus
1353 2916 1630 2997 nostris,
1708 2917 1818 3000 qui
1882 2917 2076 2979 etiam
2136 2917 2428 2982 ferebant
2494 2936 2687 2982 arma.
2771 2918 2942 2982 Post

609 3017 813 3081 multa
851 3020 1254 3103 parlamenta
1295 3021 1421 3084 fuit
1461 3021 1873 3103 conclusum,
1917 3022 1978 3083 si
2011 3021 2333 3088 vellemus
2375 3024 2616 3086 intrare
2665 3023 2941 3086 Bethle-

607 3120 753 3183 hem
770 3167 791 3202 ,
850 3122 1024 3205 quod
1069 3124 1471 3200 solveremus
1530 3122 1763 3186 xxlv
1814 3123 2119 3208 ducatos,
2175 3128 2236 3190 si
2277 3147 2404 3190 non
2418 3168 2444 3204 ,
2498 3125 2707 3190 redire
2749 3128 2941 3191 nobis

606 3224 829 3288 liceret
869 3226 937 3288 in
980 3227 1367 3290 Jerusalem.
1419 3262 1434 3277 =
1454 3229 1849 3311 Aperuimus
1889 3246 2048 3312 ergo
2088 3231 2319 3293 bursas
2351 3230 2482 3313 [et]
2528 3248 2754 3294 omnes
2793 3231 2941 3294 sol-

601 3328 820 3391 vimus
859 3330 1232 3413 pecuniam,
1287 3331 1556 3414 quilibet
1608 3341 1826 3395 taxam
1888 3350 2077 3409 suam
2086 3376 2108 3415 ‚
2174 3342 2239 3396 et
2289 3337 2620 3433 progressi
2687 3353 2937 3398 sumus.

604 3434 741 3516 Ipsi
815 3441 1035 3498 autem
1083 3443 1424 3500 exactores
1487 3436 1558 3499 in
1597 3434 1741 3497 loco
1797 3444 2201 3520 manserunt,
2266 3436 2634 3501 dividentes
2702 3439 2943 3522 spolia.

599 3536 804 3602 Porro
863 3554 1013 3604 cum
1078 3558 1196 3622 per
1235 3540 1472 3603 bonum
1510 3539 1790 3620 spatium
1831 3539 1915 3601 ab
1960 3540 2060 3602 eis
2102 3552 2421 3602 essemus·
2444 3540 2679 3623 divisi,
2720 3544 2939 3625 erupit

604 3638 689 3702 de
730 3636 999 3707 civitate
1040 3644 1208 3708 alius
1269 3645 1594 3706 exercitus
1657 3643 1985 3726 Arabum,
2045 3645 2156 3728 qul
2197 3653 2380 3706 erant
2404 3646 2771 3728 icomplices
2812 3665 2941 3709 eo-

565 3760 779 3826 rum,
841 3754 913 3808 et
966 3749 1383 3829 ingesserunt
1443 3763 1520 3809 se
1582 3747 1651 3810 in
1721 3748 2202 3835 peregrinorum
2271 3764 2577 3831 cuneum,
2659 3760 2726 3813 et
2782 3735 2947 3814 cuna*

602 3864 838 3929 magna
878 3848 1184 3914 irrisione
1218 3858 1283 3913 ct
1314 3850 1595 3915 clamore
1617 3859 2123 3935 penetraverunt
2153 3870 2270 3935 per
2302 3850 2581 3915 medium
2618 3863 2937 3941 nostran,

601 3950 932 4014 trahentes
967 3964 1151 4037 ’nos,
1211 3955 1579 4038 trudentes,
1645 3956 1856 4038 pileos
1917 3955 1999 4019 de
2063 3957 2389 4039 capitibus
2446 3934 2935 4059 pei-egriiqpriss

493 4076 496 4079 ·
579 4052 1043 4139 projicientes,
1086 4066 1153 4120 et
1193 4058 1335 4120 suis
1369 4057 1544 4138 ,iocis
1581 4061 2031 4143 incompositis
2070 4061 2805 4144 plures‘turbaverunt?
2844 4044 2935 4125 Ϊιι

600 4156 714 4221 illo
749 4156 1032 4220 tumultu
1097 4158 1224 4223 hoc
1267 4160 1422 4223 mihi
1475 4162 1743 4225 accidit:
1820 4182 1925 4226 me
1968 4165 2135 4226 enim
2178 4164 2248 4226 in
2290 4164 2477 4226 uiuo
2542 4165 2712 4227 inter
2762 4156 2933 4229 alios

597 4267 793 4325 eunte
852 4261 1040 4326 venit
1098 4276 1267 4326 unns
1320 4263 1536 4326 Arabs
1591 4284 1635 4329 a
1690 4276 1915 4331 contra
1976 4269 2044 4329 in
2092 4282 2298 4350 equo,
2360 4266 2595 4331 volens
2651 4256 2931 4333 cuneun't

596 4375 888 4433 nostrum
948 4374 1325 4451 penetrare,
1394 4368 1567 4433 sicut
1629 4370 1921 4436 fecerant
1977 4371 2090 4433 alii
2144 4370 2248 4434 sui
2309 4370 2503 4463 socii,
2575 4378 2641 4434 et
2659 4358 2759 4435 ‘ut
2797 4372 2929 4437 sibi
