3242 5259
601 434 915 498 calamum
956 451 1101 497 cum
1144 432 1421 515 spongia
1464 440 1530 494 et
1553 432 1768 498 omnia
1808 432 2256 516 instrumenta,
2284 430 2642 516 quibususi
2686 431 2963 494 ruerant

601 542 668 604 in
712 540 1125 604 crucifixione
1166 536 1411 600 Christi
1456 546 1520 599 et
1563 536 1830 601 duorum
1876 537 2233 619 latronum,
2288 554 2456 621 quae
2511 539 2726 601 omnia
2793 555 2960 599 cum

603 645 939 727 crucibus,
1002 652 1327 726 tamquam
1374 641 1742 725 immunda,
1801 645 1867 704 in
1931 642 2142 705 locum
2202 640 2629 723 projecerant.
2747 642 2958 705 Hanc

601 768 854 813 sacram
900 748 1279 831 speluncam
1320 742 1868 810 circumstetimus
1925 765 2074 811 cum
2127 748 2427 811 cantibus
2489 756 2557 809 et
2619 746 2955 831 laudibus,

599 856 933 918 inventam
989 854 1078 916 ibi
1138 870 1394 917 crucem
1461 850 1800 915 laudantes
1824 897 1845 935 ,
1911 863 1976 916 et
2033 852 2273 935 singuli
2335 851 2661 934 provoluti
2722 851 2949 915 locum

600 957 958 1022 deosculati
1020 974 1278 1040 sumus,
1336 966 1403 1020 et
1464 955 1903 1041 indulgentias
1946 959 2108 1042 (ἦ)
2152 958 2481 1042 plenariae
2539 957 2956 1022 remissionis

606 1082 764 1128 acce
810 1081 1001 1127 imus.
2609 1122 2614 1125 Α

766 1085 970 1231 [ἐοντα
1013 1168 1078 1230 in
1116 1165 1241 1229 loci
1282 1165 1456 1233 illius
1499 1164 1980 1229 deosculatione
2022 1166 2349 1229 sensimus
2395 1166 2651 1230 dulcem
2695 1166 2957 1248 spirare

604 1272 866 1339 odorem
908 1292 992 1338 ex
1029 1289 1253 1355 specu,
1297 1291 1380 1334 ex
1425 1290 1553 1354 quo
1595 1270 1792 1334 odore
1834 1270 2175 1353 plurimum
2194 1272 2541 1340 aedificati„
2579 1270 2957 1354 confortati,

604 1388 671 1443 et
712 1378 1029 1442 consolati
1075 1378 1330 1460 fuimus,
1372 1396 1486 1459 pro
1530 1396 1630 1459 eo,
1670 1375 1843 1460 quod
1867 1378 2202 1459 percipere
2225 1379 2585 1456 meruimus
2635 1376 2952 1459 reliquias

502 1465 518 1510 ³
603 1484 779 1548 iilius
823 1482 1181 1547 dulcissimi
1221 1483 1458 1564 odoris,
1501 1482 1612 1565 qui
1655 1499 1738 1545 ex
1780 1500 1858 1544 eo
1902 1499 2106 1564 specu
2152 1481 2452 1547 'exhaluit
2473 1527 2493 1562 ,
2539 1481 2688 1544 dum
2730 1479 2950 1544 Judas

605 1579 915 1668 Q‘uirinns
961 1587 1211 1651 fodiens
1253 1605 1449 1671 super
1492 1603 1750 1649 crucem
1800 1586 2000 1670 venit,
2043 1595 2114 1648 ut
2159 1586 2395 1670 legitur
2441 1586 2526 1650 de
2566 1585 2953 1652 inventione

542 1685 553 1697 ”
606 1696 820 1758 crucis
862 1701 1191 1783 sanctae&
1288 1755 1291 1758 ,

771 1796 1114 1861 Horribilis
1176 1805 1281 1859 est.
1344 1795 1529 1860 locus
1582 1794 1694 1859 ille
1754 1805 1816 1859 et
1863 1794 2220 1878 profundus
2276 1796 2343 1859 in
2401 1796 2686 1879 rupibus.
2806 1792 2948 1859 Sed

605 1901 924 1987 quomodo
968 1918 1198 1971 cruces
1243 1911 1375 1963 tam
1418 1899 1736 1986 profunde
1779 1901 1845 1963 in
1888 1902 2147 1965 viscera
2190 1910 2400 1963 terrae
2424 1901 2661 1964 fuerint
2683 1901 2950 1963 immer-

604 2027 743 2091 sae,
786 2006 981 2069 facile
1018 2016 1120 2068 est
1158 2004 1383 2069 videre
1408 2006 1520 2089 illi,
1562 2007 1673 2088 qui
1716 2006 2003 2072 civitatis
2045 2014 2316 2069 sanctae
2349 2007 2678 2089 antiquam
2722 2003 2950 2087 dispo-

604 2111 902 2174 sitionem
947 2112 1077 2174 scit
1117 2120 1183 2173 et
1225 2111 1400 2194 legit.
1490 2110 1781 2195 Antiqua
1840 2128 2117 2195 namque
2182 2111 2415 2174 civitas
2471 2110 2839 2173 Jerusalem
2903 2091 2965 2173 a⁴

599 2225 787 2300 parte
829 2214 1216 2299 occidentis,
1273 2205 1382 2279 ubi
1435 2217 1784 2280 crucifixus
1830 2215 1953 2283 fuit.
1993 2215 2312 2279 Dominus
2335 2262 2356 2299 ,
2415 2225 2558 2280 erat
2625 2217 2947 2299 profunda

601 2323 918 2405 voragine
960 2322 1170 2384 cincta
1193 2366 1213 2401 ,
1254 2340 1425 2404 quae
1448 2322 1528 2383 ab
1574 2331 1796 2385 austro
1818 2322 1884 2384 in
1929 2319 2293 2404 aquilonem
2333 2322 2836 2403 protendebatur
2850 2320 2938 2392 ad

606 2424 1071 2508 longitudinem
1115 2426 1422 2491 civitatis.
1467 2428 1551 2489 Et
1593 2428 1723 2490 ista
1763 2444 2008 2509 vorago
2053 2444 2183 2488 non
2227 2426 2343 2490 fuit
2385 2436 2546 2509 arte,
2588 2426 2708 2490 sed
2751 2437 2945 2490 natu·-

606 2529 845 2611 raliter,
884 2550 1000 2613 pro
1044 2529 1330 2592 civitatis
1375 2531 1620 2595 fossato
1663 2531 1953 2614 scopulis
1974 2539 2041 2597 et
2079 2532 2345 2616 rupibus
2387 2550 2542 2595 sese
2583 2532 2944 2614 respicien-

609 2636 784 2699 tibus
821 2638 902 2696 ab
945 2642 1222 2716 utreque
1260 2644 1447 2718 parte
1487 2636 1861 2719 'voraginis
1963 2635 2176 2720 Super
2232 2638 2574 2701 interiores
2639 2636 2945 2720 scopulos

606 2748 672 2802 et
713 2748 933 2822 petras
988 2746 1126 2806 erat
1180 2758 1401 2803 murus
1456 2741 1741 2805 civitatis
1805 2739 1950 2824 (Β)
2005 2740 2518 2825 circumductus,
2584 2745 2942 2805 exteriores

604 2864 765 2908 vero
804 2864 1002 2928 rupes
1045 2844 1409 2910 eminebant
1452 2846 1518 2912 in
1560 2847 1845 2911 civitatis
1888 2846 2321 2913 munitionem.
2424 2848 2602 2909 Inter
2637 2845 2942 2929 scopulos

604 2958 819 3012 autem
863 2950 1218 3011 exteriores
1262 2947 1598 3014 dicebatur
1640 2970 1811 3013 unus
1872 2950 2217 3014 Calvarius
2238 2997 2259 3034 ,
2316 2959 2385 3014 et.
2446 2951 2630 3015 locus
2684 2952 2806 3020 nub
2860 2972 2940 3021 θο

609 3054 955 3136 Golgatha.
1019 3055 1104 3125 Et
1140 3054 1207 3116 in
1244 3052 1546 3120 Calvario
1591 3056 1942 3119 crucifixus
1985 3065 2087 3119 est
2136 3055 2453 3120 Dominus
2497 3075 2643 3120 cum
2690 3056 2941 3120 duobus

604 3153 771 3241 aliis,
815 3158 1050 3241 quibus
1088 3174 1129 3219 a
1169 3159 1468 3223 crucibus
1504 3162 1737 3232 solutis
1773 3164 1956 3247 ipsas
1992 3178 2220 3234 cruces
2245 3161 2311 3230 in
2354 3163 2732 3245 voraginem
2765 3161 2938 3235 illam

603 3261 1011 3347 projecerunt
1053 3279 1200 3326 cum
1239 3264 1383 3327 aliis
1422 3266 1872 3329 instrumentis
1914 3265 2385 3349 crucifixorum,
2415 3267 2567 3350 quia
2592 3265 2936 3329 Calvarius

601 3368 815 3437 stabat
858 3384 1055 3449 super
1093 3370 1448 3452 marginem
1497 3371 1852 3454 voraginis,
1898 3380 1962 3433 et
2008 3390 2139 3433 non
2198 3370 2372 3437 aliud
2430 3371 2759 3454 fecerunt,
2815 3366 2937 3435 nisi

601 3472 773 3558 quod
816 3491 1046 3536 cruces
1088 3472 1171 3536 de
1206 3474 1628 3540 foraminibus
1668 3485 1890 3561 petrae
1932 3483 2382 3558 extraxerunt,
2447 3485 2515 3539 et
2575 3478 2642 3539 in
2682 3477 2938 3539 foveam

599 3576 1205 3663 praecipitaverunt,
1262 3582 1433 3645 sicut
1472 3589 1538 3644 et
1579 3581 1742 3644 alias
1810 3578 2244 3643 immunditias
2296 3581 2364 3663 in
2427 3600 2569 3643 eam
2627 3580 2938 3665 projicere

598 3681 916 3764 solebant,
958 3686 1193 3765 quibus
1229 3704 1460 3750 cruces
1496 3694 1647 3768 post
1689 3686 2008 3749 modicum
2049 3694 2312 3768 opertae
2357 3685 2642 3770 fuerunt,
2675 3687 2828 3770 quia
2853 3684 2935 3748 de

601 3801 783 3851 muro
834 3789 1115 3852 civitatis
1177 3790 1440 3856 cottidie
1475 3791 1911 3855 immunditias
1958 3790 2341 3855 effuderunt.
2440 3793 2715 3856 Demum
2768 3810 2933 3854 anno

601 3891 805 3955 xlm.
853 3903 997 3971 post
1042 3899 1402 3975 passionem
1450 3895 1728 3981 Christi,
1771 3916 1916 3960 cum
1961 3898 2148 3961 'ritus
2197 3898 2562 3962 Jerusalem
2597 3904 2933 3979 everteret,

601 3995 825 4079 projici
857 3999 1005 4059 feeit
1058 4021 1270 4063 murus
1334 4015 1394 4063 et
1462 4015 1670 4065 turres
1713 4004 1802 4066 ibi
1869 4005 1938 4065 in
1998 4006 2377 4087 voraginem
2433 4006 2645 4087 illam,
2710 4012 2776 4065 et
2847 4003 2933 4065 ita

601 4099 865 4163 cottidie
925 4119 1154 4167 eruens
1214 4111 1418 4187 magis
1478 4124 1556 4170 ac
1613 4108 1823 4190 magis
1875 4110 2347 4190 operiebantur.
2459 4108 2718 4173 Deinde
2778 4114 2931 4191 post

597 4203 913 4272 hxxvfl
957 4227 1158 4275 annn-
1202 4215 1382 4275 venit
1448 4212 1678 4276 Helius
1705 4211 2037 4277 Adrianus
2079 4217 2448 4299 imperator,
2496 4223 2566 4278 et
2608 4216 2677 4277 in
2719 4213 2932 4280 odium

601 4307 1106 4375 Christianorum
1154 4315 1522 4379 aedificavit
1563 4317 1631 4380 iu
1676 4314 2001 4403 Golgatha
2067 4321 2375 4417 templum
2420 4323 2931 4405 spurcissimum,
