3242 5259
16 2502 19 2545 ’Ἴ
16 2173 29 2402 ““-Ι“““-“““
16 2082 29 2135 ¹-
16 1945 31 2022 *1¹3-
14 1183 37 1918 --*-Ι“.ΪΤὟΓΤΓ”
16 1152 19 1157 '
16 971 25 1106 -“““
16 803 23 894 *fi
16 754 19 773 Ἴ
16 614 19 665 ’⁴
16 536 19 543 “

499 487 643 551 ‘illo
679 439 896 569 lapide
947 482 1088 548 solo
1129 487 1401 554 utuntur
1445 477 1526 548 in‘
1555 459 2009 568 superstitiosa
2047 480 2491 549 sortizatione.
2535 480 2887 566 Accipiunt

532 591 704 658 enim
747 588 830 652 de
872 598 1043 653 terra
1085 597 1362 671 quatuor
1398 587 1654 673 lapillos
1690 608 1968 674 parvos,
2008 600 2074 654 et
2111 589 2366 672 jactare
2401 586 2636 653 volens
2689 603 2885 649 manu

529 694 842 777 revolvit,
900 693 1072 757 sicut
1111 694 1291 758 lusor
1332 693 1699 760 taxillorum
1744 704 2035 759 tesseres
2077 705 2230 758 ante
2264 694 2514 778 jactum
2568 690 2882 773 revolvit3

531 807 601 864 et
641 816 841 882 super
881 796 1161 880 lapidem
1225 797 1404 862 illum
1468 799 1848 883 quadratum
1898 799 2105 883 jactat
2162 798 2453 884 lapillosz
2518 806 2586 861 et
2652 796 2882 880 figura,

533 923 728 990 quam
767 902 971 986 lapilli
1023 910 1306 988 quatuor
1343 905 1410 967 in
1477 923 1640 969 casu
1700 924 1823 970 suo
1875 906 2192 989 formant,
2256 903 2743 987 praenominant
2784 918 2884 984 ea,

532 1026 703 1094 quae
764 1008 936 1072 scire
989 1006 1364 1090 intendunt,
1427 1018 1500 1072 ut
1562 1019 1749 1094 puta:
1816 1012 1877 1074 si
1937 1010 2181 1074 cadunt
2242 1008 2447 1092 lapilli
2511 1005 2592 1069 ad
2647 1006 2885 1069 lineam

532 1122 808 1196 rectam,
851 1111 1092 1195 aliquid
1129 1111 1427 1195 judicant
1469 1115 1569 1179 sic
1609 1114 1785 1196 θοι-ις
1831 1116 1890 1178 si
1928 1114 2167 1179 cadunt
2207 1115 2275 1178 in
2319 1130 2588 1176 curvam
2626 1109 2886 1191 lineam,

533 1219 719 1285 aliter
760 1216 902 1300 flet3
946 1216 1008 1279 si
1046 1217 1117 1280 in
1157 1218 1472 1301 quadrum
1521 1219 1896 1303 volvuntur,
1943 1222 2003 1284 si
2045 1236 2303 1284 crucem
2349 1219 2611 1301 faciunt,
2653 1215 2882 1297 aliter3

531 1327 593 1389 sl
655 1323 1000 1405 circulum,
1039 1320 1259 1404 aliter,
1304 1333 1371 1386 et
1406 1324 1507 1386 sie
1550 1324 1633 1389 de
1690 1325 1835 1392 aliis
1877 1324 2122 1409 figuris.

701 1430 948 1512 Figura
989 1427 1203 1492 crucis
1257 1438 1360 1492 est
1402 1430 1784 1513 principalis
1839 1429 1993 1494 ludo
2054 1429 2202 1513 illo,
2252 1437 2320 1492 et
2373 1436 2615 1511 quanto
2674 1429 2887 1511 figura

503 1597 518 1610 ,
539 1535 752 1617 magis
794 1532 879 1596 ad
930 1550 1074 1595 eam
1118 1535 1615 1620 appropinquat,
1660 1542 1839 1604 tanto
1881 1535 2217 1600 efficacius
2272 1535 2636 1617 significat,
2692 1543 2760 1597 et
2800 1530 2885 1595 ad

540 1657 685 1703 eam
729 1656 955 1701 omnes
997 1637 1243 1720 figuras
1289 1640 1599 1708 referunt.
1690 1640 2005 1705 Stetimus
2049 1657 2206 1723 ergo
2249 1647 2318 1702 et
2361 1638 2693 1702 fatuitates
2733 1637 2886 1701 illo-

537 1725 676 1808 rum
721 1742 1082 1806 derisimus.
1166 1744 1303 1826 Ipsi
1344 1754 1559 1809 autem
1598 1748 1852 1810 seriose
1905 1748 2049 1811 suis
2101 1745 2394 1829 auguriis
2457 1742 2885 1806 attendebant.

540 1858 607 1912 et
670 1847 966 1910 fortunae
1029 1847 1425 1912 serviebant.
1526 1849 1687 1914 Vidi
1742 1853 1831 1916 ibi
1894 1851 2241 1938 aliquando
2293 1848 2527 1913 sedere
2586 1848 2886 1913 ludentes

539 1955 885 2037 episcopos
948 1960 1014 2014 et
1079 1953 1456 2017 sacerdotes
1515 1953 1941 2022 Orientalium
2005 1966 2073 2021 et
2112 1966 2398 2020 maturos
2450 1958 2631 2018 vlros
2684 1953 2887 2018 sorti-

540 2059 793 2125 santes.
875 2056 1030 2119 Non
1074 2059 1242 2120 enim
1286 2058 1516 2124 ludunt
1554 2061 1643 2124 ibi
1685 2081 1803 2145 pro
1846 2062 2027 2126 lucro
2044 2108 2066 2147 ,
2107 2060 2228 2126 sed
2272 2060 2482 2123 solum
2524 2057 2609 2122 ad
2650 2077 2888 2142 super-

543 2162 879 2245 stitiones,
963 2163 1199 2245 quibus
1278 2163 1646 2230 orientales
1726 2168 1902 2251 pleni
1964 2176 2138 2231 sunt.
2242 2163 2436 2231 Unde
2510 2162 2747 2228 accidit
2802 2181 2886 2226 ex

545 2268 871 2351 frequenti
931 2267 1298 2353 sortilegio,
1356 2270 1529 2353 quod
1591 2273 1683 2336 ibi
1745 2274 2197 2355 committitur,
2261 2270 2435 2354 qnod
2509 2271 2654 2352 ipse
2720 2267 2887 2350 lapis

544 2371 917 2458 quadratus,
944 2372 1055 2454 qui
1096 2371 1179 2436 de
1220 2390 1297 2436 se
1340 2384 1442 2438 est
1481 2393 1758 2459 grossus
1786 2386 1856 2439 et
1892 2396 2106 2462 asper,
2140 2378 2357 2441 factus
2398 2383 2502 2439 est
2540 2375 2608 2436 in
2650 2391 2886 2456 super-

541 2477 693 2542 ficie
745 2494 826 2541 ac
865 2475 927 2540 si
965 2486 1142 2542 esset
1184 2478 1425 2562 politus
1468 2481 1906 2547 artificialiter.

547 2717 668 2796 De
712 2715 881 2793 loco
932 2714 1285 2815 coquinae
1305 2771 1327 2812 ,
1396 2715 1470 2793 in
1534 2739 1675 2817 quo
1734 2740 1974 2819 agnus
2030 2711 2403 2819 paschalis
2476 2735 2610 2815 pro
2658 2732 2891 2788 coena

859 2834 1217 2915 dominica
1261 2838 1398 2915 fuit
1443 2848 1778 2936 assatus,
1828 2848 1908 2915 et
1948 2862 2136 2938 aqua
2181 2834 2566 2911 calefacta.

713 3019 843 3083 His
883 3018 1049 3081 visis
1092 3020 1448 3084 avertimus
1499 3038 1624 3084 nos
1666 3038 1709 3083 a
1771 3018 1987 3103 lapide
2041 3017 2204 3100 isto,
2272 3024 2337 3079 et
2378 3014 2763 3100 gyravimus
2801 3014 2884 3076 ab

547 3129 732 3188 extra
809 3141 1056 3185 murum
1119 3123 1366 3205 antiqui
1419 3124 1639 3206 chori,
1698 3132 1767 3187 et
1822 3124 1906 3188 ad
1970 3123 2183 3186 locum
2236 3123 2570 3204 venimus,
2633 3119 2701 3183 iu
2757 3136 2887 3228 quo

547 3227 699 3312 (ΙΙ)
741 3226 1264 3308 conjecturatur
1303 3229 1572 3291 stetisse
1611 3228 1992 3312 coquinam,
2043 3228 2112 3288 in
2158 3244 2291 3310 qua
2330 3224 2630 3309 discipuli
2686 3219 2885 3308 para‘-

545 3340 784 3397 verunt
822 3330 1099 3414 pascha,
1142 3339 1445 3395 assantes
1486 3350 1726 3416 agnum
1769 3330 2135 3414 pascalem,
2180 3338 2246 3392 et
2307 3329 2625 3394 lactucam
2691 3331 2889 3412 agre-

545 3446 715 3502 stem
758 3444 1074 3519 terentes,
1130 3443 1198 3498 et
1237 3453 1474 3520 aquam
1516 3456 1633 3521 pro
1687 3436 1929 3504 lotione
1986 3434 2225 3518 pedum
2283 3435 2776 3516 calefacientes,
2820 3440 2887 3494 et

546 3561 664 3626 pro
706 3540 1120 3606 mundatione
1160 3541 1528 3627 parabsidis
1570 3550 1637 3610 et
1677 3541 2129 3624 scutellarum,
2174 3548 2242 3604 et
2283 3557 2399 3623 pro
2442 3533 2887 3606 combustione

548 3645 956 3731 reliquiarum
1010 3649 1166 3731 agni
1222 3647 1528 3732 pascalis,
1570 3647 1761 3731 pellis
1822 3656 1889 3711 et
1949 3647 2196 3710 ossium
2239 3653 2305 3708 et
2344 3645 2613 3709 aliorum
2627 3689 2648 3726 ‚
2715 3658 2887 3727 quae

547 3751 764 3815 mandi
805 3771 933 3817 non
971 3761 1266 3836 possunt.
1309 3754 1530 3818 Iaocus
1571 3756 1702 3817 iste
1740 3770 1868 3816 nec
1905 3751 2251 3814 sanctitate
2284 3767 2409 3812 nec
2440 3744 2887 3814 aedificatione

497 3883 502 3887 ·
546 3866 744 3920 caret.
854 3856 1082 3921 Sancti
1165 3858 1338 3922 enim
1398 3867 1584 3922 erant
1645 3858 1789 3923 coci
1854 3856 2032 3922 illius
2094 3857 2448 3940 coquinae,
2514 3863 2582 3918 et
2653 3860 2886 3917 sancta

547 3962 788 4026 cibaria
826 3961 918 4026 ibi
957 3961 1245 4026 decocta.
1305 3963 1478 4027 Nam
1518 3964 1662 4028 coci
1705 3969 1893 4026 erant
1930 3961 2163 4026 Petrus
2207 3969 2273 4023 et
2316 3961 2678 4043 Johannes,
2719 3957 2882 4021 Luc.

546 4067 674 4150 aa,
758 4065 1163 4131 sanctissimi
1213 4065 1458 4135 christi
1513 4077 1579 4131 et
1620 4066 2021 4130 sanctissimi
2065 4066 2402 4150 discipuli,
2448 4067 2559 4150 qui
2596 4049 2886 4148 parm-

548 4179 696 4236 runt
739 4171 921 4234 cibos
962 4172 1266 4254 pascales
1307 4174 1376 4237 in
1416 4173 1543 4238 hac
1606 4173 1907 4255 coquina.
1991 4156 2129 4236 Sed
2183 4180 2251 4235 et
2302 4188 2558 4256 angnus
2600 4169 2884 4255 pascalis

546 4277 635 4339 ibi
678 4291 872 4340 assus
908 4284 1176 4341 sanctus
1216 4286 1375 4362 erat,
1419 4287 1646 4363 typum
1688 4292 1929 4361 gerens
1969 4276 2125 4360 agni
2165 4278 2307 4340 veri
2348 4278 2416 4341 in
2458 4294 2652 4348 cruce
2693 4292 2887 4340 assa-

546 4387 701 4445 tum.
787 4379 1035 4448 Sancta
1073 4381 1268 4445 etiam
1311 4391 1454 4446 erat
1495 4401 1668 4467 aqua
1705 4381 1818 4449 illa
1859 4382 1950 4447 ibi
1989 4381 2343 4465 calefacta,
2386 4401 2517 4467 qua
2569 4381 2888 4445 Dominus
