3242 5259
1777 278 1900 347 1⁷8

563 551 564 554 Ἴ
669 485 749 529 ex
797 483 922 549 qne
978 455 1304 529 marhuan-ii
1346 464 1550 552 neutri
1606 462 2027 530 meroimonia
2058 462 2534 551 producebant,
2592 470 2665 527 et
2707 464 3010 548 nogotia·-

669 577 898 637 bemur
942 589 1090 633 eum
1130 565 1415 650 Cypriis.
1480 566 1597 631 Sic
1639 569 1876 652 ubique
1916 568 2111 632 flebat
2154 569 2222 630 in
2265 569 2438 633 omni
2480 568 2646 651 loco,
2690 568 2774 632 ad
2813 587 3009 652 quem

673 677 1114 761 applieuimue
1219 672 1388 735 Viso
1451 681 1671 735 autem
1748 671 1888 737 foro
1950 672 2017 735 in
2084 671 2344 755 galeam
2419 673 2853 737 remeavimus
2921 673 3012 737 ad

669 785 982 845 Deminee
1030 789 1090 841 et
1134 774 1489 840 confratres
1535 784 1829 860 nostros,
1868 761 2113 860 eosque
2162 777 2385 842 tristes
2424 786 2493 840 et
2532 786 3010 842 murmurantes

673 885 1038 953 tna-enimus.
1082 899 1197 965 pro
1251 898 1368 965 eo,
1420 880 1596 966 quod
1643 890 1955 964 patronus
1997 880 2279 945 nondum
2323 892 2626 966 venerat,
2684 891 2752 946 et
2792 881 3010 947 taedio

669 1009 906 1073 magne
966 989 1074 1049 ille
1134 984 1239 1049 die
1309 984 1532 1049 affecti
1597 986 1892 1070 fuerant,
1965 994 2031 1050 et
2071 1002 2298 1050 omnes
2350 988 2674 1070 peregrini
2729 985 2811 1051 ad
2879 1005 3010 1052 nos

669 1093 1231 1177 emigregebentnr
1303 1090 1527 1155 audire
1589 1092 1930 1174 cupientes
1991 1090 2075 1153 de
2138 1091 2279 1173 his,
2351 1105 2520 1174 quae
2603 1092 3002 1160 videramus.

665 1201 914 1277 Quibus
962 1197 1194 1261 auditis
1237 1196 1465 1260 beatos
1515 1214 1638 1260 nos
1681 1194 2003 1279 dicebant,
2056 1203 2121 1260 et
2166 1194 2468 1259 dolebant
2505 1214 2593 1264 sa
2626 1216 2756 1260 non
2799 1197 3010 1260 fuisse

669 1309 1002 1369 nehieeum
1050 1300 1393 1385 prefectos.

837 1409 1171 1469 vieeeima
1208 1406 1505 1489 septima,
1532 1422 1680 1467 cum
1704 1403 2074 1469 videremus
2099 1412 2437 1487 patronum
2472 1405 2747 1490 tardare,
2773 1406 3007 1470 iterum

665 1517 861 1597 aliqui
910 1511 1230 1593 peregrini
1284 1509 1522 1573 ducere
1563 1528 1642 1574 se
1696 1511 2127 1593 permiserunt
2183 1507 2266 1572 ad
2322 1510 2515 1592 litus,
2575 1518 2648 1573 ut
2690 1509 2779 1572 ibi
2831 1510 3006 1574 diem

667 1618 1094 1698 deducerent,
1159 1633 1425 1697 quorum
1484 1633 1609 1698 ego
1657 1632 1828 1677 unus
1872 1614 1984 1678 fui.
2066 1614 2280 1697 Major
2309 1624 2551 1677 ,tamen
2599 1631 2754 1695 pars
2807 1633 3006 1698 pere-

665 1726 992 1807 grinorum
1034 1722 1102 1782 in
1142 1718 1331 1801 galea
1370 1720 1709 1800 remansit,
1773 1720 2075 1783 timentes
2126 1723 2340 1782 aerem
2384 1718 2706 1802 cyprium,
2771 1721 2882 1802 qui
2924 1729 3004 1784 ut

668 1826 1094 1891 communiter
1131 1824 1550 1916 nocivus-est
1564 1824 2002 1906 Theutonicis,
2044 1825 2171 1886 nisi
2215 1824 2349 1887 siut
2388 1824 2555 1886 bene
2597 1823 3002 1907 complexio-

665 1931 800 1994 nati
854 1939 921 1992 et
963 1927 1181 1991 fortes.
1269 1926 1423 1990 Ideo
1479 1927 1728 1989 nobiles
1780 1930 1911 1991 cuti
1965 1947 2126 1992 suae
2171 1931 2471 1992 timentes
2536 1926 2822 2012 Cyprum
2866 1945 3001 1991 non

669 2033 1133 2118 ingrediuntur.
1216 2031 1292 2093 In
1336 2030 1522 2093 litore
1578 2049 1734 2114 ergo
1778 2034 2136 2108 existentes
2197 2034 2613 2097 transivimus
2657 2033 2742 2096 ad
2789 2020 3003 2096 locum

664 2140 946 2221 salinae,
1010 2136 1122 2199 ubi
1192 2154 1276 2199 ex
1330 2136 1533 2199 ruinis
1595 2138 2197 2219 comprehendimus
2270 2138 2419 2202 olim
2486 2140 2812 2201 civitatem
2869 2156 3002 2200 non

670 2244 983 2330 modicam
1028 2242 1309 2307 stetisse.
1374 2241 1441 2303 A
1487 2249 1669 2325 tergo
1714 2244 1997 2306 civitatis
2040 2251 2140 2308 est
2183 2242 2367 2306 locus
2410 2243 2680 2307 collibus
2723 2244 3003 2308 circum-.-

671 2348 893 2436 datus,
952 2350 1063 2431 qui
1103 2366 1219 2429 pro
1275 2356 1564 2429 tempore
1607 2349 1768 2408 mari
1812 2348 2282 2424 intumescente
2339 2367 2508 2432 aqua
2562 2345 2891 2429 impletur,
2932 2353 3002 2409 et

632 2454 973 2542 'fin-„quasi
1029 2452 1249 2535 lacus,
1292 2459 1362 2513 et
1406 2450 1554 2513 dum
1602 2455 1781 2538 mar‘e
1823 2454 2053 2516 iterum
2111 2452 2500 2537 diminuitur,
2557 2454 2767 2516 omnis
2830 2468 3000 2535 aqua

664 2540 862 2623 maris
901 2559 969 2622 iu
1011 2556 1157 2637 loco
1213 2556 1323 2618 illo
1365 2574 1709 2619 remanens
1752 2576 1792 2620 a
1835 2557 1977 2620 sole
2020 2558 2085 2620 in
2152 2559 2459 2641 optimum
2504 2566 2572 2619 et
2632 2558 2999 2640 preciosum

664 2673 730 2726 et
772 2659 1170 2728 albissimum
1212 2660 1314 2726 sal
1371 2659 1780 2745 decoquitur:
1846 2672 1912 2725 et
1964 2664 2091 2727 hoc
2155 2664 2257 2726 sal
2318 2661 2555 2727 venale
2621 2661 2704 2723 ad
2762 2660 2999 2724 multas

663 2771 966 2852 regiones
1034 2768 1349 2850 defertur,
1427 2774 1494 2829 et
1546 2767 1774 2848 regina
1845 2765 2052 2849 Cypri
2112 2762 2379 2832 multam
2447 2767 2784 2849 pecuniam
2842 2764 3002 2828 inde

664 2876 897 2958 recipit
937 2892 978 2936 a
1020 2872 1479 2936 mercatoribus
1520 2872 1699 2935 salis.
1754 2872 1829 2934 In
1872 2873 2080 2955 prima
2119 2892 2265 2937 mea
2305 2871 2822 2956 peregrinatione
2865 2869 3000 2936 vidi

666 2979 901 3042 multos
943 2977 1237 3041 homines
1282 2978 1392 3039 ibi.
1422 2977 1793 3059 laborantes
1836 2979 1905 3054 in
1945 2976 2112 3041 salis
2174 2977 2629 3060 segregatione
2682 2973 2763 3036 ab
2809 2975 2999 3058 aquis

662 3083 945 3145 nondum
1003 3080 1322 3149 decoctis.-
1388 3090 1454 3143 et
1511 3082 1695 3144 multi
1758 3075 1870 3145 alti
1936 3080 2177 3144 cumuli
2233 3081 2396 3143 salis
2449 3080 2540 3143 ibi
2588 3089 2772 3142 erant
2829 3081 3001 3142 sicut

664 3184 1031 3265 monticuli3
1085 3183 1203 3247 sed
1255 3184 1393 3267 jam
1421 3205 1579 3249 .non
1644 3197 1786 3250 erat
1840 3204 2010 3250 unus
2084 3187 2274 3250 homo
2331 3185 2451 3268 ibi,
2528 3194 2593 3248 et
2645 3184 2755 3249 ubi
2817 3188 2998 3266 prius

664 3290 923 3355 stabant
985 3288 1146 3352 salis
1208 3282 1475 3378 cumuli,
1510 3289 1648 3373 jam
1719 3291 1841 3355 fuit
1890 3308 2063 3374 aqua
2124 3288 2461 3374 profunda.
2545 3293 2777 3372 Itaque
2822 3291 2999 3353 circa

660 3410 977 3477 vesperas
1018 3394 1085 3458 in
1126 3391 1379 3476 galeam
1426 3386 1854 3474 remeavimus
1910 3404 1976 3458 et
2036 3394 2352 3477 indignati
2395 3403 2621 3458 contra
2659 3403 2996 3477 patronum

665 3516 940 3559 eremus.
1051 3494 1299 3563 Eodem
1369 3517 1516 3564 sero
1581 3501 1832 3565 revenit
1896 3500 2125 3566 mulier
2179 3493 2325 3579 illa,
2404 3517 2576 3581 quae
2634 3499 2703 3562 in
2765 3497 2997 3563 Rhodo

669 3611 1063 3665 remanserat
1136 3597 1507 3670 imbarc'ata.
1592 3606 1699 3669 De
1760 3603 1947 3687 cujus
1989 3606 2293 3688 ingressu
2354 3622 2627 3687 parvum
2689 3602 2995 3687 gaudIum

665 3721 822 3769 eret
909 3706 1362 3791 Compatiebar
1404 3717 1617 3772 tamen
1661 3692 1959 3773 misellae
2011 3717 2274 3794 propter
2330 3710 2669 3793 angustias
2721 3710 2865 3792 ejus
2911 3726 2995 3771 ex

664 3829 931 3876 recessu
966 3814 1180 3878 navis
1195 3831 1565 3897 perpessas.
1626 3813 1789 3898 (δῦ
1811 3815 1918 3892 A)

727 3933 734 3939 ·
828 3910 1198 3985 vicessima
1262 3926 1497 3979 octava
1571 3929 1723 3983 ante
1796 3920 1957 3983 solis
2023 3929 2231 3984 ortum
2297 3920 2480 3983 venit
2542 3926 2852 4001 patronus
2913 3914 2999 3978 de

659 4020 934 4084 Nicosia
989 4040 1139 4084 cum
1201 4021 1578 4101 quihuedam
1643 4022 1946 4108 Cypriis,
2013 4024 2160 4089 loca
2220 4033 2454 4088 sancta
2513 4024 2582 4086 in
2621 4018 2997 4085 Jerusalem

659 4124 933 4189 visitare
987 4125 1386 4210 volentihue‚
1454 4129 1621 4191 inter
1676 4144 1852 4212 gnos
1885 4138 2022 4192 erat
2067 4146 2200 4193 una
2252 4132 2547 4213 pretiosa
2604 4126 2869 4209 mulier,
2913 4123 2999 4187 de

661 4233 1070 4313 pedissequis
1114 4249 1398 4313 ιιιπιιιιιιι,
1438 4252 1604 4317 quae
1640 4228 2019 4299 intendebat
2084 4236 2285 4297 vitam
2317 4249 2504 4297 suam
2541 4233 2612 4297 in
2633 4229 2999 4295 Jerusalem

601 4373 616 4384 ·
661 4337 846 4397 finire
882 4337 1053 4397 circa
1099 4334 1241 4397 lona
1285 4349 1530 4397 saneta.
1581 4337 1855 4404 Levatis
1891 4356 2047 4424 ergo
2084 4339 2392 4404 anchoris
2444 4346 2512 4401 et
2579 4336 2745 4403 navi
2781 4333 2997 4399 solut·
