3242 5259
1569 327 1709 407 m

456 515 670 586 locam
693 515 930 582 fratres
967 516 1208 590 montis
1237 516 1424 604 &qun
1465 517 1532 584 iu
1578 533 1800 583 eorum
1824 519 2166 588 devotione
2200 522 2523 606 quondam
2565 525 2815 600 hah-Q

457 632 628 707 runt,
669 631 740 686 et
780 622 1065 706 pertinet
1103 623 1186 690 ad
1230 624 1578 690 ecelesiam
1624 623 1851 708 Syon,
1893 625 2187 692 inclusus
2230 626 2457 692 eodem
2500 649 2681 698 muro
2729 633 2815 702 ad
2836 705 2853 722 ,
2884 699 2893 707 ,

443 737 648 813 caput
673 728 896 810 chori.
983 727 1184 792 Porro
1227 728 1557 796 Soldauus
1597 732 1846 813 recepit
1884 730 2197 794 fratribus
2240 730 2450 796 locum
2508 734 2686 800 illum
2732 757 2815 803 ea

443 833 540 900 de
598 849 819 897 causa.
924 830 1168 898 Judaei
1227 835 1448 900 multis
1507 836 1917 920 temporibus
1966 845 2033 899 et
2085 836 2277 900 hodie
2331 838 2578 906 instant
2637 842 2815 932 apud

455 955 676 1023 regem
729 936 1086 1003 soldanum
1150 958 1268 1022 pro
1313 939 1457 1004 loce
1501 938 1633 1024 illo,
1670 939 1756 1003 ad
1803 940 2181 1006 faciendum
2238 944 2364 1008 sibi
2420 951 2806 1014 oratorium:

442 1053 530 1108 -et
571 1063 610 1107 e
658 1052 885 1108 contra
927 1041 1282 1108 Christiani
1315 1045 1777 1110 reclamabant.
1822 1045 2108 1112 Tandem
2153 1046 2478 1114 soldanus
2531 1053 2811 1120 interro-

452 1152 678 1234 gavit:
724 1148 938 1233 qualis
980 1156 1195 1216 tamen
1237 1153 1610 1218 sanctitatis
1656 1159 1842 1215 esset
1882 1149 2067 1214 locus
2122 1149 2287 1218 ille?
2351 1161 2419 1216 et
2473 1172 2620 1221 cum
2680 1159 2810 1224 sihi

454 1253 694 1318 dictum
738 1262 940 1337 esset,
1002 1253 1175 1337 quod
1214 1254 1433 1320 David
1481 1273 1630 1321 cum
1671 1258 1951 1320 caeteris
1992 1260 2255 1342 regibus
2316 1259 2682 1326 Jemsalem
2725 1263 2809 1328 de

439 1359 597 1442 eius
648 1358 900 1422 semiue
948 1360 1039 1424 ihi
1080 1361 1323 1443 sepulti
1357 1370 1622 1444 essent3
1670 1359 1869 1425 dixit:
1925 1371 1992 1425 et
2040 1381 2166 1428 nos
2205 1361 2550 1428 Sarraceni
2588 1366 2806 1434 David

451 1473 751 1528 sanctum
793 1471 1115 1550 tenemus,
1161 1484 1369 1551 aeque
1409 1468 1580 1530 sicut
1624 1465 1987 1530 Christiani
2031 1477 2100 1531 et
2140 1467 2378 1533 Judaei
2420 1479 2491 1536 et
2529 1471 2804 1556 Bibliam

448 1568 774 1633 credimus
815 1571 988 1634 sicut
1025 1579 1092 1633 et
1146 1572 1289 1654 ipsi.
1391 1572 1640 1638 Locum
1697 1588 1853 1655 ergo
1919 1571 2103 1636 illum
2202 1591 2329 1638 nec
2390 1574 2487 1637 illi
2526 1594 2652 1639 nec
2693 1577 2807 1642 isti

450 1674 798 1757 habebunt,
839 1674 961 1738 sed
1004 1694 1127 1740 nos
1167 1695 1314 1740 eum
1364 1678 1748 1760 recipimus,
1807 1684 1871 1738 et
1941 1677 2032 1738 ita
2093 1678 2277 1742 veuit
2317 1681 2388 1742 in
2431 1679 2803 1748 Jerusale-

454 1789 521 1842 et
560 1778 795 1844 ostium
842 1778 1020 1844 illius
1056 1781 1369 1866 capellae,
1412 1800 1529 1864 per
1569 1780 1744 1865 quod
1782 1781 1864 1846 ab
1906 1782 2074 1846 intra
2115 1780 2198 1845 de
2236 1787 2623 1850 monasterio
2667 1796 2807 1868 erat

453 1887 834 1968 ingressus,
877 1886 1205 1950 obstruxit
1228 1932 1250 1971 ,
1311 1895 1377 1951 et
1418 1889 1630 1970 ipsam
1675 1885 1993 1969 capellam
2057 1888 2464 1973 profanavit,
2534 1890 2805 1973 ejiciens
2844 1863 2859 1878 ⁶

450 1990 679 2054 altaria
717 1988 967 2054 Christi
1010 2000 1077 2056 et
1119 1990 1465 2056 destruens
1505 2000 1570 2055 et
1600 1990 1828 2056 delens
1869 1993 2190 2075 imagines
2212 1992 2505 2077 sculptas
2548 2006 2610 2059 et
2658 1998 2803 2081 pic-

451 2104 555 2158 tas
598 2112 874 2178 eamque
913 2095 1092 2160 cultu
1124 2097 1547 2179 spurcissimo
1601 2097 1999 2161 Machometi
2058 2106 2372 2180 coaptans
2391 2139 2413 2180 ‚
2473 2102 2550 2164 ab
2616 2109 2805 2166 extra

455 2201 702 2264 faciens
743 2205 1002 2282 ostium,
1056 2210 1127 2266 ut
1165 2200 1514 2266 Sarraceni
1553 2200 2141 2286 ingredi·possent,
2183 2201 2337 2265 dum
2377 2201 2665 2284 placeret
2675 2224 2695 2286 3
2734 2213 2802 2270 ot

451 2309 607 2393 quia
637 2307 821 2374 locus
863 2306 1160 2388 superior
1198 2324 1396 2389 supra
1437 2305 1832 2370 testudinem
1871 2305 2164 2389 capellae
2204 2314 2343 2369 erat
2387 2304 2801 2374 Christiano-

454 2433 595 2478 rum
635 2422 704 2476 et
747 2411 1015 2475 fratrum
1056 2420 1124 2474 et
1168 2410 1287 2474 fuit
1329 2410 1583 2494 capella
1621 2426 1859 2493 magna
1922 2417 1988 2472 et
2042 2412 2330 2494 pretiosa
2387 2430 2504 2494 per
2578 2429 2800 2496 regern

328 2549 336 2561 ·
451 2518 770 2582 Franciae
807 2514 1094 2582 mndata.
1117 2515 1181 2578 in
1225 2514 1390 2599 loco,
1436 2517 1504 2580 in
1546 2533 1675 2598 quo
1697 2514 1980 2601 Spiritus
2010 2520 2280 2577 sanctus
2320 2515 2389 2580 in
2430 2515 2537 2580 die
2554 2516 2802 2584 Pente-

451 2629 675 2688 costes
717 2639 915 2704 super
957 2619 1311 2704 discipulos
1369 2622 1549 2684 venit
1565 2665 1587 2703 ,
1631 2627 1708 2684 ut
1763 2620 2068 2702 superius
2133 2618 2574 2704 dictumest,
2642 2621 2801 2690 fecit

449 2727 773 2792 Soldanus
801 2727 999 2790 etiam
1040 2723 1312 2789 eandem
1353 2724 1669 2807 capellam
1700 2724 1970 2806 destrui,
2009 2733 2080 2788 et
2121 2722 2513 2789 testudinem
2537 2724 2797 2810 deponi,

453 2841 519 2895 et
576 2833 812 2898 ostium
886 2831 1167 2914 ehstmi,
1221 2848 1305 2894 ue
1384 2828 1739 2894 Christiani
1790 2827 2087 2912 ,pedihus
2150 2845 2352 2912 supra
2406 2825 2793 2894 testudinem

435 2938 849 3002 -muschkeae
901 2936 1388 3000 deambularent
1403 2954 1425 3017 ς
1480 2943 1548 2998 et
1585 2935 1684 2997 ita
1727 2933 1962 3004 fratres
2014 2933 2133 2998 illa.
2193 2932 2322 2997 duo
2383 2935 2673 3018 pretiosa
2727 2945 2799 3006 et

448 3053 678 3108 saucta
718 3041 867 3106 loca
903 3039 1340 3125 perdiderunt,
1382 3047 1646 3122 prepter
1695 3038 2090 3104 Judaeorum
2136 3037 2653 3112 sollicitudinem,
2677 3031 2797 3123 pro

433 3148 560 3212 -illa
599 3146 885 3211 inferiori
929 3146 1097 3230 leco,
1139 3165 1260 3230 pro
1294 3162 1424 3229 quo
1465 3143 1662 3208 hodie
1702 3144 1995 3212 laborant
2051 3143 2224 3228 apud
2279 3143 2638 3214 Soldanum
2658 3189 2680 3226 ,
2729 3149 2811 3208 et·

437 3253 653 3318 ,multa
693 3251 871 3316 milia
911 3250 1155 3316 talenta
1195 3252 1336 3314 auri
1387 3247 1672 3316 offerunt
1728 3266 1807 3316 se
1869 3249 2136 3318 daturos
2197 3259 2315 3333 pro
2377 3249 2541 3314 loce.
2648 3246 2797 3312 Hoc

448 3366 665 3423 autem
708 3376 839 3422 nou
881 3357 1152 3437 faciunt,
1189 3354 1363 3440 quod
1402 3364 1649 3419 tantum
1693 3353 2061 3422 afficiantur
2101 3356 2467 3438 sepulchris
2510 3352 2796 3420 Sancto-

450 3483 590 3529 rum
633 3473 702 3527 et
735 3463 1090 3527 sanctitate
1129 3460 1282 3545 loci,
1320 3458 1439 3524 sed
1463 3469 1753 3543 sperant,
1792 3477 1870 3523 se
1909 3477 2110 3544 posse
2151 3459 2233 3523 ad
2276 3459 2527 3526 loculos
2568 3474 2796 3542 regum

446 3571 791 3654 pervenire
833 3575 899 3631 et
942 3567 1282 3630 thesauros
1332 3567 1632 3648 reperire.
1702 3563 1993 3629 Credunt
2035 3566 2205 3628 enim
2240 3565 2409 3629 istos
2451 3565 2794 3628 thesauros

446 3675 574 3738 sibi
617 3672 854 3737 ibidem
895 3688 1049 3736 esse
1090 3678 1478 3736 reservatos.
1564 3667 1723 3732 Ideo
1763 3669 2062 3733 noctibus
2102 3687 2304 3751 saepe
2345 3670 2435 3733 tbi
2471 3676 2701 3734 euntes
2727 3653 2803 3730 οἱ

445 3787 812 3844 scrutantes
874 3778 1112 3862 reperti
1173 3783 1327 3839 sunt
1343 3819 1364 3853 ,
1449 3781 1519 3837 et
1598 3790 2057 3856 nonnunquam
2114 3781 2291 3837 artes
2364 3775 2654 3860 magicas
2724 3778 2796 3834 et

447 3885 920 3949 incantationes
960 3884 1049 3947 ihi
1093 3889 1419 3946 exercent.
1504 3875 1921 3946 Desiderium
1965 3895 2266 3962 magnam
2318 3879 2516 3946 habui
2581 3877 2792 3946 locum

447 3989 626 4054 illum
686 3989 767 4052 ab
834 3990 1003 4052 intra
1051 3987 1278 4052 videre
1333 3993 1401 4049 et
1462 4002 1593 4048 non
1649 3999 1793 4046 sum
1859 3982 2195 4048 fraudatus
2248 3983 2569 4048 desiderio
2622 4002 2792 4048 meo.

445 4094 616 4158 Nam
663 4101 890 4158 custos
942 4090 1337 4157 muschkeae
1364 4105 1752 4153 sarracenus
1796 4086 2072 4172 quadam
2109 4088 2215 4153 die
2258 4099 2525 4173 repente
2545 4090 2794 4172 aperire

446 4198 679 4263 volens
722 4205 792 4261 et
832 4196 1136 4261 claudere
1177 4214 1323 4260 curn
1365 4193 1557 4258 clave
1598 4210 1813 4257 seram
1861 4195 2170 4278 corrupit,
2212 4195 2303 4257 ita
2364 4192 2537 4279 quod
2601 4210 2795 4276 repa-

446 4305 672 4388 gulum
733 4305 1013 4368 ferreum
1058 4320 1203 4370 cum
1260 4301 1450 4368 clave
1503 4316 1768 4366 movere
1809 4317 1940 4363 uon
2000 4299 2229 4383 potuit,
2289 4306 2355 4362 et
2421 4300 2514 4361 ita
2573 4312 2798 4368 reces-

449 4411 559 4494 sit,
605 4410 983 4500 relinquens
1014 4411 1434 4477 muschkeam
1477 4413 1784 4489 apertam,
1826 4423 1997 4489 quae
2037 4412 2260 4488 aperta
2303 4403 2561 4482 mansit,
2604 4416 2796 4484 quarn
