3242 5259
1434 324 1560 392 ³41

327 506 669 572 exstinctis
710 506 1079 591 luminibus,
1119 508 1212 571 ita
1252 505 1425 592 quod
1453 503 1552 576 'rin
1584 500 1735 571 toto'
1760 507 2001 590 templo
2053 525 2183 572 non
2218 501 2424 572 ἐμοὶ
2484 505 2675 572 scin&

326 612 490 696 tilla,
555 632 706 676 mox
747 610 894 693 (B)
930 612 1105 677 clero
1148 620 1452 678 cantante
1492 620 1559 676 et
1598 611 1849 695 populo
1876 619 2103 676 ormte
2146 610 2364 695 fillgur
2404 622 2671 697 repente

329 716 416 780 de
458 716 640 780 coelo
679 716 940 799 cecidit,
984 725 1050 780 et
1096 717 1402 800 templum
1445 711 1634 802 quasi
1665 719 1927 800 igneum
1948 715 2244 800 reddidit,
2288 715 2454 782 adeo
2495 716 2670 804 quod

328 839 517 885 nemo
557 822 649 883 ibi
695 823 1115 886 existentium
1154 817 1490 884 intendere
1531 821 1736 888 valuit
1785 821 1854 885 in
1896 819 2153 906 radIum
2185 819 2371 883 illum'
2406 822 2669 887 coele&

328 934 481 1010 tem,
527 945 653 1009 que
696 923 875 989 t'adio
915 943 1145 989 cereus
1180 925 1510 1009 paschalis
1551 924 2047 1008 incendebatur,
2105 933 2174 988 et
2234 942 2461 989 omues
2501 925 2672 991 lam-

325 1029 531 1115 pades
574 1037 643 1092 et
685 1030 1013 1094 candelae.
1099 1030 1248 1128 {loc
1291 1030 1462 1092 facto
1504 1030 1810 1093 abcessit.
1896 1032 2044 1094 Hoc
2074 1029 2455 1093 miraculum
2495 1030 2672 1094 mul-

327 1135 417 1197 tis
460 1135 647 1196 annis
712 1135 1015 1218 contigit,
1080 1143 1145 1196 et
1200 1143 1543 1219 postquam
1607 1136 1917 1219 cessavit,
1980 1135 2198 1197 statim
2256 1132 2673 1217 sepulchrum

324 1238 614 1302 Domini
628 1240 695 1300 in
734 1257 961 1301 manus
1003 1242 1291 1322 gentium
1338 1239 1573 1302 ev‘enit.
1665 1239 1909 1303 Dicunt
1949 1240 2183 1322 etiam,
2228 1238 2402 1324 quod
2446 1240 2670 1303 ultimo

329 1352 503 1407 terra
543 1351 773 1407 sancta
814 1353 1192 1426 recuperata
1249 1345 1419 1428 ignis
1476 1344 1588 1406 ille
1660 1343 1968 1432 caelestis
2032 1343 2256 1427 rediit,
2304 1354 2370 1408 et
2410 1362 2671 1410 cereum

329 1448 634 1512 incendit.
739 1446 875 1511 Sed
917 1450 1060 1532 ipso
1124 1467 1252 1512 non
1313 1451 1620 1512 veniente
1674 1447 2028 1513 Christiani
2082 1450 2340 1514 fuerunt
2406 1449 2666 1536 repulsi.

323 1555 448 1618 Est
488 1555 658 1617 enim
686 1552 1074 1617 Christianis
1117 1553 1527 1617 manifestum
1571 1554 1852 1636 signum,
1894 1555 1955 1617 si
1994 1554 2167 1635 ignis
2209 1552 2323 1618 ille
2336 1551 2671 1636 paschalis

328 1661 731 1742 apparuerit,
797 1658 970 1742 quod
1026 1658 1204 1741 digni
1265 1666 1417 1721 sunt
1468 1658 1862 1721 habitatores
1932 1658 2217 1721 civitatis
2273 1667 2542 1722 saumae
2601 1665 2673 1720 et

326 1780 751 1847 possessores
789 1761 1089 1825 deminici
1129 1761 1476 1845 sepulchri.
1564 1760 1640 1824 Si
1682 1781 1811 1824 non
1814 1771 2161 1870 apparet,
2214 1765 2508 1845 potentia
2552 1781 2672 1827 eo·-
2766 1761 2773 1770 '

335 1888 496 1951 rum,
540 1868 796 1930 etiamsi
839 1876 993 1931 actu
1031 1847 1433 1950 possideant,
1478 1866 1786 1930 durabilis
1819 1877 2064 1931 nonest
2104 1869 2171 1931 in
2202 1876 2374 1934 terra
2414 1875 2666 1932 sancta.

329 1971 545 2036 Hodie
571 1969 944 2054 Christiani,
968 1974 1080 2056 qui
1106 1972 1346 2035 suntin
1373 1971 1763 2055 Jerusalem,
1802 1990 2028 2035 omnes
2048 1971 2117 2034 in
2138 1973 2366 2057 vigilia
2385 1972 2672 2056 paschae

331 2077 604 2140 veniunt
654 2077 723 2139 in
767 2076 1112 2159 templum,
1178 2087 1243 2141 et
1284 2078 1521 2141 Graeci
1563 2074 1896 2140 includunt
1920 2095 2114 2140 suum
2155 2077 2560 2144 sacerdotem
2601 2079 2671 2140 in

332 2191 809 2245 monumentum
832 2181 1090 2245 Domini
1132 2200 1277 2245 cum
1321 2181 1592 2246 candela
1640 2184 1982 2264 exstincta,
2027 2199 2221 2264 quam
2240 2195 2389 2248 cum
2432 2200 2670 2265 magno

331 2285 613 2349 clamore
653 2286 895 2370 profert
938 2303 1303 2369 accensam,
1349 2285 1431 2349 de
1473 2305 1604 2369 qna
1648 2304 1875 2349 omnes
1916 2285 2293 2388 lampades·
2293 2286 2671 2350 accendun-

333 2399 455 2454 tur.
541 2390 693 2455 Non
748 2400 963 2454 autem
1025 2390 1412 2455 miraculose
1468 2387 1883 2471 accenditur,
1936 2387 2059 2456 se'd
2090 2369 2303 2480 ᾱτῑῖιζ,
2349 2392 2657 2478 quamvis

332 2494 608 2578 simplex
651 2494 890 2579 vulgus
933 2496 1168 2559 clamet
1209 2496 1276 2557 in
1314 2494 1586 2577 coelum,
1629 2495 1839 2558 Deum
1886 2493 2188 2578 laudans,
2234 2489 2424 2583 quasi
2468 2499 2670 2561 mira-
2770 2495 2777 2504 ’

334 2598 549 2663 culum
588 2600 677 2663 sit
721 2600 987 2684 sactum,
1037 2608 1102 2663 et
1142 2602 1234 2663 ita
1275 2598 1611 2682 divulgant
1655 2598 1823 2682 apud
1869 2598 2144 2682 plebem,
2184 2611 2251 2664 et
2273 2604 2469 2665 etiam
2494 2601 2669 2685 apud

339 2703 754 2767 Sarracenos.
799 2705 1044 2769 Audivi
1085 2725 1201 2788 pro
1246 2712 1446 2788 certo,
1492 2704 1662 2787 quod
1707 2702 2052 2770 sarraceni
2093 2703 2331 2788 dicant,
2374 2708 2432 2769 si
2473 2704 2670 2770 Chri-

334 2807 528 2871 stiani
572 2810 790 2892 ignem
834 2811 1204 2894 paschalem
1248 2809 1330 2872 de
1372 2809 1553 2873 coelo
1595 2809 1929 2890 baberent,
1972 2817 2043 2871 ut
2087 2807 2339 2891 dicunt‚‘
2371 2810 2560 2872 nobis
2602 2818 2670 2872 et

334 2911 416 2976 de
457 2914 581 2977 boc
621 2915 1072 3000 certificarent,
1118 2915 1198 2977 ad
1223 2913 1553 2977 Christum
1591 2914 1887 2976 converti
1932 2931 2228 2976 essemus
2271 2913 2496 2996 parati.
2534 2910 2670 2975 Sed

332 3018 482 3101 heu,
531 3019 723 3102 signa
764 3028 986 3083 nostra
1027 3039 1156 3083 non
1199 3018 1499 3102 vidimus,
1543 3021 1669 3082 iam
1716 3036 1844 3079 non
1885 3026 1988 3079 est
2029 3019 2409 3110 propheta„
2437 3026 2503 3080 et
2546 3032 2670 3079 nos

332 3141 462 3186 non
505 3133 818 3206 agnoscet
860 3124 1154 3209 amplius.
1197 3131 1202 3136 '
1239 3124 1486 3188 Verum
1541 3121 1626 3186 de
1675 3122 1791 3185 illa
1850 3123 2233 3192 miraculosa
2254 3169 2273 3190 ι
2291 3124 2672 3187 incensione

329 3228 504 3311 ignis
545 3228 653 3292 vel
696 3231 869 3293 cerei
908 3229 1237 3312 paschalis
1278 3228 1371 3291 nil
1414 3228 1694 3310 loquitur
1752 3228 2155 3312 Jeronymns
2216 3228 2313 3302 in,
2347 3227 2454 3290 his
2473 3272 2494 3309 ,
2558 3226 2670 3289 ubi

335 3351 481 3395 eum
525 3331 679 3415 legi,
720 3350 865 3396 cum
906 3342 1120 3396 tamen
1183 3332 1379 3396 valde
1440 3330 1777 3415 pulchrum
1812 3340 2149 3396 tractatum
2206 3340 2276 3395 et
2330 3330 2669 3418 epistolam

330 3438 666 3521 scripserit
709 3438 1071 3521 elegantem
1117 3435 1201 3500 de
1241 3436 1631 3500 accensione
1681 3438 1853 3500 cerei
1898 3436 2227 3519 paschalis
2270 3435 2353 3499 ad
2388 3435 2669 3499 Praesi-

332 3540 528 3625 dium,
572 3542 931 3605 diaconum.
1016 3541 1163 3604 Nec
1208 3539 1566 3625 Gregorius
1608 3542 1953 3624 episcopus
1988 3541 2404 3624 Turonensis,
2454 3541 2670 3624 scrip-
2800 3551 2807 3558 ·

333 3654 438 3711 tor
475 3647 887 3730 antiquorum
928 3646 1398 3729 miraculorum,
1437 3646 1613 3709 illius
1660 3646 1835 3728 ignis
1881 3645 2037 3709 facit
2078 3627 2485 3712 mentionem.

493 3751 597 3814 De
637 3753 762 3816 hec
803 3753 954 3837 igne
995 3752 1148 3815 vide
1180 3752 1449 3835 pulchra
1491 3751 1599 3814 fol.
1640 3751 1788 3816 264.
1830 3760 1897 3813 et
1958 3767 2141 3833 seqq.
2247 3749 2513 3820 Praeter
2568 3766 2670 3830 ea,

330 3874 501 3941 quae
542 3857 715 3920 dicta
762 3864 937 3940 sunt,
982 3858 1224 3920 fiebant
1265 3859 1331 3919 in
1375 3855 1658 3919 ecclesia
1699 3853 1847 3917 olim
1892 3854 2275 3917 collationes
2334 3863 2397 3916 et
2438 3852 2671 3936 dispu-

327 3963 603 4025 tationes
646 3970 865 4026 contra
907 3962 1290 4043 haereticos,
1323 3968 1388 4052 et
1425 3960 1767 4023 convocati
1799 3959 1907 4022 vel
1951 3958 2103 4026 fidei
2146 3959 2498 4024 rationibus
2560 3956 2670 4019 vel

333 4065 662 4130 miraculis
705 4067 1166 4147 vincebantur,
1225 4072 1421 4149 prout
1459 4061 1755 4148 Cyrillns
1794 4063 1862 4126 in
1905 4063 2181 4147 epistola
2221 4063 2305 4129 ad
2344 4064 2670 4148 August-

335 4188 486 4234 num
523 4171 718 4236 refert
762 4173 844 4236 de
886 4171 1205 4236 convictis
1243 4169 1717 4235 haeresiarchis
1756 4169 1825 4232 in
1866 4187 1962 4232 ea.
