3242 5259
323 560 482 629 orgo
523 541 782 608 obviam
837 538 1172 605 Salvatori
1233 546 1491 609 nostro.
1592 537 1803 623 Igitur
1861 536 1948 602 de
2002 540 2295 622 praefata
2355 539 2673 625 spelunca

322 648 760 728 ascendimus,
802 655 870 709 et
901 643 987 709 ad
1029 644 1203 709 latus
1245 642 1401 707 clivi
1445 643 1683 707 montis
1705 642 1952 708 Oliveti
1995 644 2078 709 ab
2118 664 2205 709 ea
2245 646 2672 714 discessimus

325 757 393 818 iu
434 755 670 837 spatio,
716 760 998 835 quantus
1046 757 1155 814 est
1181 749 1400 833 jactus
1437 747 1712 832 lapidis3
1755 748 1905 833 (B)
1946 747 2033 813 ad
2074 758 2322 813 tantum
2363 750 2671 816 videlicet

324 858 605 941 spatium
626 853 932 919 Christus
961 855 1167 918 Jssus
1209 853 1484 918 avulsus
1528 854 1658 917 fuit
1697 871 1738 917 a
1781 853 2145 941 discipulis,
2171 853 2322 919 dum
2367 854 2452 918 ad
2476 873 2671 939 prae-

326 964 533 1027 fatum
573 961 787 1024 locum
826 960 1169 1043 processit,
1211 969 1284 1022 ut
1342 960 1618 1024 habetur
1681 958 1847 1024 Luc.
1901 961 2116 1024 XXII.
2202 961 2279 1023 In
2339 960 2467 1025 hoc
2527 959 2671 1026 loco

324 1067 506 1131 stetit
545 1066 864 1131 Dominus
903 1065 1115 1128 Jesus
1148 1082 1296 1127 cum
1348 1064 1559 1128 tribus
1603 1063 1961 1150 discipulis,
2027 1075 2095 1129 et
2155 1066 2368 1149 coepit
2404 1065 2668 1149 tristari,
2778 1134 2783 1140 ,

326 1188 592 1256 pavere,
630 1179 923 1233 moestus
963 1187 1119 1232 eme
1156 1176 1227 1232 et
1272 1168 1566 1252 taedere,
1611 1168 1881 1233 fflcens:
1915 1171 2123 1235 tristis
2168 1178 2277 1235 est
2298 1173 2512 1234 anima
2531 1187 2677 1235 mea

326 1294 537 1360 nsque
577 1273 662 1339 ad
703 1284 998 1340 nonen.
1052 1273 1345 1357 Vigilate
1363 1292 1641 1356 mecum,
1663 1272 1876 1338 donec
1916 1273 2150 1338 vadam
2192 1274 2279 1340 ad
2298 1278 2672 1345 orationem.

321 1382 410 1446 Et
449 1398 843 1465 progressus
885 1378 1196 1464 pusillum
1238 1380 1423 1443 venit
1461 1381 1531 1442 in
1571 1396 1871 1462 specum.
1916 1379 2242 1463 Discipuli
2283 1389 2501 1444 autem
2532 1363 2677 1443 tres

327 1485 606 1549 dormire
657 1495 1031 1569 coeperunt.
1140 1486 1217 1547 In
1282 1483 1408 1547 hoc
1478 1481 1627 1547 loco
1694 1484 1767 1547 in
1826 1493 2085 1548 terram*
2139 1484 2552 1570 procidimus,
2608 1491 2677 1547 et

325 1590 611 1673 vestigia
649 1589 1066 1654 sanctissima
1110 1586 1474 1653 deosculati
1511 1605 1739 1651 sumus
1780 1587 2043 1653 Domini
2087 1590 2282 1654 Jesu.
2364 1588 2673 1653 Sedimus

324 1695 518 1759 etiam
558 1694 641 1758 ad
684 1694 896 1759 locum
943 1692 1349 1758 dormitionis
1392 1691 1855 1776 discipulorum
1925 1713 2045 1778 pro
2087 1694 2452 1760 devotione.
2546 1696 2676 1758 Est

325 1802 493 1864 enim
532 1804 603 1864 in
644 1800 789 1865 loco
824 1800 1074 1883 rupium
1117 1798 1397 1862 elevatio
1440 1816 1482 1861 a
1523 1804 1701 1862 terra
1767 1798 2133 1881 paululum,
2198 1800 2433 1884 quibus
2484 1800 2675 1864 homo

319 1906 562 1971 sedens
602 1907 671 1969 in
711 1913 890 1970 terra
931 1911 1151 1992 potest
1202 1910 1274 1966 et
1314 1902 1509 1968 dorso
1550 1909 1621 1967 et
1649 1903 1914 1967 brachio
1964 1905 2175 1988 inniti,
2218 1915 2286 1969 et
2313 1908 2670 1989 quiescere.

321 2013 398 2075 Iu
452 2013 578 2076 hoc
639 2029 796 2095 ergo
873 2008 1015 2073 loco
1082 2007 1367 2072 diximus
1439 2011 1741 2092 signatas
1794 2010 2122 2073 orationes
2141 2055 2162 2092 ,
2218 2018 2287 2075 et
2341 2009 2676 2094 plenariae

322 2118 726 2180 remissionis
780 2112 1224 2197 indulgentias
1264 2115 1639 2197 accepimus
1656 2157 1679 2197 ,
1741 2113 1913 2196 (st)
1982 2123 2049 2177 et
2099 2114 2499 2179 salutaribus
2564 2118 2673 2177 in-

323 2223 552 2284 structi
602 2236 830 2283 sumus
872 2218 1207 2301 exemplis.
1249 2220 1398 2282 Nec
1435 2221 1609 2281 enim
1651 2220 1982 2282 orationes
2023 2217 2292 2282 multum
2362 2218 2674 2282 efficaces

320 2334 495 2407 sunt,
539 2340 662 2386 nec
682 2321 1124 2406 indulgentiae
1152 2321 1420 2385 multum
1468 2320 1724 2404 valent,
1766 2322 1894 2385 imo
1939 2322 2120 2388 labor
2136 2324 2347 2406 totius·
2379 2324 2675 2407 peregri-

321 2430 601 2492 nationis
642 2429 855 2491 inanis
896 2437 1021 2510 est,
1063 2427 1190 2491 uisi
1213 2427 1363 2511 quis
1404 2427 1476 2489 iu
1528 2425 1694 2489 locis
1735 2428 1885 2489 istis
1904 2427 2336 2491 sanctissimis
2378 2427 2675 2512 exempla

320 2535 501 2598 vitae
533 2550 697 2597 suae
736 2531 1245 2597 emmendandae
1285 2531 1759 2613 contemplatus
1803 2531 1995 2595 tuerit
2034 2540 2104 2595 et
2144 2535 2489 2616 acceperit.

486 2638 732 2720 Ingens
796 2635 1042 2701 Christi
1118 2637 1379 2701 tristitia
1438 2635 1662 2700 mundi
1730 2636 1922 2700 docet
1987 2636 2292 2700 abdicare
2344 2637 2674 2720 laetitiam,

320 2761 470 2806 cum
541 2741 766 2806 mundi
823 2741 1103 2826 laetitia,
1158 2740 1517 2807 secundum
1578 2742 2000 2826 Gregorium,
2070 2742 2229 2805 nihil
2320 2739 2496 2804 aliud
2566 2744 2674 2824 sit,

327 2865 522 2932 quam
574 2849 890 2931 impunita
946 2847 1268 2930 nequitia,
1333 2857 1402 2911 et
1460 2864 1689 2910 omnes
1775 2864 1921 2911 cum
1987 2844 2227 2910 mundo
2311 2846 2677 2929 gaudentes

325 2952 547 3016 muudi
589 2953 902 3040 nequitiis
942 2953 1282 3036 impunitis
1324 2951 1694 3037 ostendunt,
1735 2970 1812 3016 se
1865 2970 2022 3015 esse
2057 2952 2429 3036 participes.
2511 2950 2678 3015 Dis-

325 3057 683 3140 cipulorum
726 3076 885 3121 vero
949 3055 1246 3121 dormitio
1312 3056 1686 3140 fragilitatis
1744 3065 2006 3122 nostrae
2062 3066 2132 3119 et
2175 3057 2516 3120 misceriae
2573 3062 2677 3119 est

326 3162 635 3226 ostensio.
719 3161 934 3225 Multa
974 3161 1443 3245 promittimus,
1484 3160 1604 3226 sed
1662 3169 1950 3247 tempore
2011 3160 2392 3227 redditionis
2447 3170 2675 3252 topos-7

329 3267 558 3329 cimus.
2296 3289 2303 3298 ·

433 3511 554 3589 Dc
598 3512 792 3606 loco,
839 3512 912 3588 in
968 3536 1108 3612 quo
1159 3514 1511 3590 Dominus
1553 3513 1834 3592 obviam
1888 3515 2090 3592 venit
2138 3538 2225 3592 se
2269 3536 2540 3616 capere

964 3633 1398 3728 volentibuS,
1448 3643 1526 3711 et
1572 3645 1832 3737 captus
1874 3637 2042 3713 fuit.

492 3814 778 3879 Ulterius
817 3815 1279 3900 processimus,
1320 3821 1390 3878 et
1431 3814 1517 3878 ad
1558 3814 1769 3880 locum
1806 3816 2105 3879 venimus
2146 3815 2311 3880 horti
2332 3860 2354 3899 ,
2418 3816 2489 3880 in
2534 3831 2665 3898 quo

324 3919 642 3985 Dominus
694 3920 898 3984 Jesus
955 3939 1033 3984 se
1093 3922 1426 4003 captivare
1491 3920 1859 3985 volentibus
1931 3923 2165 3987 obvius
2216 3922 2403 3984 veuit
2426 3964 2445 4003 ,
2502 3919 2677 3982 trina

322 4024 475 4089 vice
517 4026 897 4111 prostravit,
939 4032 1011 4088 et
1049 4024 1304 4090 demum
1374 4043 1451 4091 se
1491 4026 1856 4091 voluntarie
1898 4027 1963 4090 in
2009 4043 2239 4089 manus
2282 4046 2499 4091 eorum
2537 4033 2675 4092 tra-

324 4128 505 4212 didit,
544 4129 761 4195 Judae
803 4147 882 4196 se
921 4130 1222 4195 osculare
1257 4130 1545 4195 indulsit.
1639 4132 1771 4194 Hic
1812 4131 1996 4196 locus
2039 4139 2141 4195 est
2203 4133 2478 4196 maceria
2541 4132 2676 4194 cir-

329 4234 667 4299 cumdatus
736 4244 806 4298 et
854 4235 1048 4300 valde
1110 4234 1390 4302 devotus
1442 4235 1513 4301 in
1569 4236 1746 4300 clivo
1809 4238 2084 4320 montis3
2145 4238 2444 4324 quamvis
2482 4235 2675 4299 locus

330 4356 460 4401 non
499 4340 587 4403 sit
629 4340 896 4404 multum
925 4340 1222 4426 declivis,
1262 4341 1381 4407 sed
1424 4351 1526 4406 est
1563 4344 1654 4406 ibi
1686 4339 1964 4409 latitudo
2007 4344 2347 4429 cuiusdam
2380 4340 2520 4426 agri
2542 4385 2563 4424 ,
2606 4346 2676 4402 et

320 4440 565 4508 dicitur
605 4445 831 4511 hortus
870 4445 1151 4512 floridus.
1240 4449 1442 4515 Hunc
1483 4449 1693 4515 locum
1759 4450 2174 4535 frequentant
2232 4466 2378 4512 cam
2440 4462 2676 4528 magna
