3242 5259
365 514 514 561 cum
557 491 879 579 lapidibus
931 497 1253 579 regiona,
1313 502 1383 557 et
1433 499 1603 560 inter
1664 493 1916 578 lapides
1968 493 2518 564 commorabamur
2571 498 2704 562 Iob.

362 601 426 665 8.
469 599 559 663 1³2
598 599 727 665 hoc
769 597 950 683 ideo,
994 599 1150 682 quia
1188 599 1414 683 posuit·
1451 600 1637 664 Deus
1696 599 2005 663 terminos
2065 609 2278 665 terrae
2337 619 2392 665 s.
2455 601 2707 686 lapides

363 703 852 788 desiderabiles,
894 704 1076 774 usai.
1113 704 1220 768 54.
1303 706 1390 768 Et
1445 705 1629 789 ipsos
1690 703 1940 788 lapides
1994 706 2518 790 amplexabamur
2556 724 2706 771 cum

360 809 502 880 Iob.
541 810 650 876 24.
706 809 802 874 Et
836 809 963 873 hoc
1002 808 1088 873 de
1130 809 1304 873 facto
1341 810 1640 893 contigit.
1716 809 1897 874 Novi
1937 812 2108 875 enim
2150 809 2465 895 quosdam
2510 831 2705 895 perc-

362 917 589 999 griuos
631 916 727 980 ita
745 924 960 978 terrae
977 923 1248 978 sanctae
1288 912 1583 998 affectos,
1627 914 1802 998 quod
1840 915 2227 999 saepissime
2266 915 2376 979 die
2416 933 2495 979 ac
2514 926 2707 981 noete

360 1037 444 1084 se
477 1020 562 1084 ad
604 1028 838 1085 terram
881 1020 1277 1084 inclinabant
1317 1030 1384 1085 et
1425 1038 1571 1083 eam
1611 1019 1910 1085 dulcibus
1950 1021 2195 1087 osculis
2254 1019 2708 1088 demulcebant

361 1134 430 1188 et
471 1126 653 1209 ipsos
692 1125 946 1209 lapides
987 1134 1293 1209 tanquam
1335 1125 1641 1210 reliquias
1682 1128 2179 1191 venerabantur.
2260 1124 2408 1190 Hos
2449 1125 2704 1210 lapides

362 1229 566 1313 elegit
608 1228 913 1298 christus
942 1233 1012 1296 in
1055 1250 1250 1315 opere
1283 1240 1545 1295 nostrae
1580 1230 2060 1313 redemptionis.
2120 1231 2293 1296 Nam
2316 1232 2383 1295 in
2418 1249 2705 1297 caverna

358 1334 620 1419 lapidea
661 1346 1017 1421 conceptus
1061 1338 1206 1420 fuit,
1244 1338 1367 1400 sub
1408 1336 1626 1422 lapide
1679 1344 1745 1400 et
1789 1354 1947 1418 rupe
1988 1345 2180 1401 natus
2191 1382 2212 1420 ,
2267 1343 2481 1400 natus.
2504 1354 2703 1420 super

358 1439 639 1523 lapidem
680 1443 954 1527 positus,
997 1459 1199 1526 super
1241 1441 1521 1526 lapidem
1572 1450 1759 1504 stans
1803 1442 2237 1526 praedicavit,
2297 1443 2366 1506 in
2418 1460 2704 1514 caverna

357 1544 616 1628 lapidea
654 1555 755 1610 ter
793 1549 1023 1631 oravit,
1064 1547 1149 1611 ad
1192 1546 1553 1611 columnam
1581 1545 1898 1629 lapideam
1919 1548 2285 1632 flagellatus
2328 1547 2470 1632 fuit,
2507 1563 2701 1612 coro-

355 1651 614 1716 nandus
656 1669 855 1736 super
895 1652 1174 1736 lapidem
1193 1652 1384 1735 sedit,
1420 1661 1574 1716 ante
1593 1651 1879 1736 judicem
1902 1652 2179 1717 Pilatum
2198 1671 2398 1737 super
2420 1653 2698 1738 lapidem

355 1759 556 1838 stetit,
597 1774 797 1841 super
835 1757 1175 1841 scopulum
1217 1758 1566 1823 crucifixus
1607 1758 1750 1842 fuit,
1792 1775 1991 1841 super
2052 1756 2333 1841 lapidem
2373 1758 2703 1842 inunctus,

356 1862 426 1924 in
471 1861 688 1945 lapide
723 1862 1046 1945 sepultus,
1090 1871 1157 1926 et
1197 1861 1282 1926 de
1321 1864 1539 1949 lapide
1557 1864 1643 1928 ad
1684 1863 1904 1929 coelos
1931 1861 2245 1926 ascendit.
2291 1864 2380 1926 Et
2417 1863 2702 1928 breviter

354 1966 819 2051 redemption‘m
865 1976 1130 2031 nostrae
1169 1970 1481 2053 mysteria
1531 1970 1616 2034 ad
1663 1969 1915 2054 lapides
1956 1967 2448 2032 consmumavit.
2510 1966 2702 2036 Unde

356 2072 427 2136 in
477 2073 787 2156 passione
829 2082 1053 2157 petrae
1092 2074 1346 2138 scissae
1396 2083 1573 2140 sunt.
1662 2072 1831 2169 Quis
1884 2092 2043 2157 ergo
2098 2070 2512 2136 Christianus
2568 2089 2703 2150 nea

357 2179 635 2242 suavius
674 2180 1042 2262 quiesceret
1090 2196 1290 2262 super
1326 2181 1447 2244 hos
1507 2188 1774 2243 sanctos
1815 2177 2067 2261 lapides
2080 2219 2102 2260 ‚
2150 2194 2347 2260 quam
2389 2178 2458 2239 in
2492 2185 2703 2242 strata

357 2281 631 2346 molliori
648 2279 687 2346 ’ἑ
742 2281 870 2348 Cui
910 2303 1040 2349 non
1082 2284 1465 2350 dulcescunt
1517 2283 1802 2367 lapides,
1837 2299 2003 2366 quos
2043 2280 2400 2363 tetigerunt
2434 2282 2700 2352 Domini

349 2385 540 2471 Jesu,
581 2388 833 2452 Mariae
873 2390 1190 2474 Virginis,
1230 2389 1767 2470 Patriarcharum,
1807 2385 2295 2470 Prophetarum,
2337 2385 2699 2470 Apostolo-

354 2508 497 2556 rum
539 2500 608 2556 et
648 2494 917 2558 aliorum
960 2494 1519 2559 innumerabilium
1562 2492 1950 2557 Sanctorum
1995 2489 2202 2575 pedes
2215 2487 2254 2554 ’ἒ

517 2596 919 2664 Duodecima
986 2608 1140 2664 ante
1193 2600 1356 2664 solis
1421 2606 1631 2664 ortum
1678 2597 1973 2662 suscitati
2032 2591 2272 2659 fuimus
2292 2639 2314 2678 ,
2369 2605 2438 2659 et
2500 2614 2698 2680 super

356 2699 582 2765 asinos
614 2704 1047 2790 meridianus,
1088 2714 1154 2768 et
1196 2706 1635 2789 processimus
1676 2703 1746 2767 in
1798 2701 2123 2766 montibus
2172 2700 2439 2763 sanctis.
2533 2700 2696 2763 Rost

358 2804 713 2889 aliquorum
754 2819 971 2874 autem
1011 2814 1324 2875 montium
1341 2826 1690 2874 ascensum
1722 2815 1789 2871 et
1809 2805 2071 2870 vallium
2096 2803 2506 2888 descensum,
2526 2823 2690 2869 ecce

353 2918 580 2994 optata
611 2911 758 2977 dies
798 2914 1199 2980 firmamento
1239 2915 1616 2978 albescente
1656 2913 1725 2977 in
1764 2912 2011 2975 oriente
2050 2909 2401 2992 aspirabat,
2437 2918 2503 2972 et
2545 2908 2696 2972 inde

356 3033 590 3084 aurora
653 3019 984 3103 rutilabat3
1040 3019 1272 3105 solque
1327 3019 1413 3084 de
1449 3015 1892 3083 cacuminibus
1935 3015 2246 3079 montium
2286 3015 2695 3099 prospiciens

355 3139 474 3206 per
511 3136 757 3188 terram
797 3124 1013 3189 radios
1053 3127 1213 3189 suos
1252 3124 1622 3208 spargebat,
1668 3130 1736 3184 et
1789 3131 2006 3186 tamen
2059 3118 2272 3185 adbuc
2323 3119 2695 3190 Jerusm

353 3227 579 3311 procul
646 3238 804 3292 erat.
899 3229 1350 3295 Processimus
1412 3235 1630 3293 autem
1682 3246 1801 3312 per
1858 3230 2008 3292 vias
2065 3243 2335 3308 asperas
2413 3233 2485 3289 et
2533 3225 2694 3292 nihil

352 3331 480 3396 uisi
522 3331 747 3397 duram
789 3343 1027 3399 terram
1066 3333 1351 3398 vidimus
1393 3341 1465 3397 et
1493 3352 1820 3398 saxosam.
1864 3331 2052 3397 Unde
2094 3331 2335 3394 milites
2369 3330 2695 3415 peregrini

352 3435 422 3498 in
463 3437 816 3520 asperitate
856 3449 1066 3504 teme
1120 3438 1595 3525 quodammodo
1637 3437 2063 3503 scandalizati
2142 3435 2296 3499 mibi
2362 3437 2465 3499 sic
2512 3435 2695 3502 diea-

354 3541 542 3604 bant:
601 3541 759 3626 quid
818 3547 1024 3609 nostri
1092 3541 1471 3608 sacerdotes
1522 3543 1874 3626 loquuntur
1890 3540 1928 3606 ’ἐ
1992 3539 2148 3624 quid
2213 3539 2697 3623 praedicatores

352 3645 780 3730 praedicant?
840 3648 1137 3714 dicentes
1158 3694 1179 3732 ,
1199 3687 1211 3702 ·
1235 3657 1473 3711 terram
1535 3650 1731 3713 istam
1799 3663 1954 3711 esse
2022 3645 2304 3710 omnium
2381 3653 2697 3710 terrarum

349 3750 715 3834 optimam?
784 3756 984 3835 Ecce,
1044 3772 1238 3838 qnam
1293 3771 1528 3836 aspera
1567 3753 1714 3838 via,
1780 3769 1974 3836 quam
2020 3749 2347 3814 durissimi
2391 3746 2564 3830 (90
2591 3751 2694 3839 A)

351 3865 625 3921 montes.
714 3856 886 3936 Quid
923 3859 1240 3924 Dominus
1279 3857 1485 3924 Jesus
1518 3859 1588 3923 in
1617 3858 1746 3922 hac
1783 3865 1958 3921 terra
1997 3852 2241 3918 inculta
2268 3862 2338 3917 et
2377 3854 2541 3922 solis
2582 3873 2696 3919 ar-

350 3960 614 4026 doribus
675 3962 909 4027 adusta
962 3963 1172 4027 voluit
1225 3962 1520 4029 habitare
1537 3961 1576 4028 ’ἒ
1653 3961 1844 4028 Unde
1914 3959 2088 4022 iuter
2161 3960 2366 4024 verba
2427 3963 2699 4044 contigit

350 4064 515 4130 dne
557 4068 936 4152 peregrinos
976 4068 1306 4151 corrixari,
1348 4067 1522 4153 quod
1562 4069 1679 4133 vix
1720 4072 2018 4150 poterant
2060 4080 2103 4126 a
2140 4081 2217 4126 se
2260 4065 2503 4131 divelli.
2609 4067 2698 4130 Et

349 4170 410 4233 si
449 4170 697 4236 diutius
741 4171 1204 4256 disputassent,
1245 4173 1526 4238 finaliter
1569 4190 1649 4235 se
1688 4171 1969 4235 invicem
2012 4168 2465 4238 verberassent
2483 4217 2503 4254 ‚
2543 4172 2696 4254 quia

348 4273 692 4344 durissime
745 4276 1237 4343 contenderunt.
1332 4279 1538 4342 Erant
1596 4285 1813 4341 autem
1860 4274 2046 4340 ambo
2112 4276 2258 4358 puri
2298 4276 2692 4358 saecular-3,

349 4398 518 4445 unus
559 4380 828 4448 multum
872 4381 1072 4465 rudis,
1092 4381 1257 4446 alter
1297 4389 1547 4450 acutus.
1591 4380 1804 4446 Rudis
1839 4379 2152 4463 arguebat
2186 4391 2416 4445 contra
2456 4387 2695 4442 terram
