3242 5259
1326 301 1453 372 248

297 449 656 585 Sequitur
699 483 1094 588 processio
1147 483 1244 560 ad
1286 439 1453 561 loca
1504 443 2070 563 sancta'ffiontis
2112 483 2358 588 Syon3
2405 500 2483 565 et

698 605 929 710 primo
973 605 1070 684 ad
1113 604 1354 683 locum
1405 606 1700 726 ultimae
1780 630 2078 686 coenae.

379 785 846 852 consummato
916 786 1157 852 Officio
1241 789 1557 872 parabant
1648 807 1727 853 se
1798 789 2071 856 Fratres
2136 794 2418 856 minores
2488 792 2571 860 ad

213 894 698 996 processionem
739 892 1119 958 sollemnem
1158 903 1223 957 et
1266 897 1476 958 sacris
1511 894 1758 960 inducti
1805 897 2125 960 vestibus‘
2155 915 2299 961 cum
2341 915 2571 984 cruce3

216 999 502 1079 vexillis,
524 1000 755 1081 cereis,
799 999 1202 1083 reliquiariis,
1234 1001 1602 1085 thuribulis,
1650 1010 1717 1064 et
1737 1020 1909 1086 aqua
1950 1002 2291 1067 benedicta
2331 1021 2571 1087 proce-

215 1102 478 1167 debant.
525 1101 800 1167 Cunctis
837 1106 1064 1189 itaque
1104 1124 1253 1171 cum
1330 1111 1432 1170 eis
1496 1106 1995 1190 procedentibus
2053 1108 2295 1190 incepit
2349 1117 2575 1171 cantor

217 1225 517 1292 magnam
560 1207 810 1273 habetis
847 1228 1080 1273 vocem
1137 1212 1269 1275 alta
1307 1229 1476 1275 voce
1510 1210 1863 1294 jocundum
1908 1211 2217 1294 hymnum
2261 1211 2344 1275 de
2404 1230 2571 1274 can-

214 1314 368 1378 ticis
409 1311 624 1398 Syon:
665 1330 883 1397 pange
921 1313 1146 1399 lingua
1185 1309 1453 1401 gloriosi
1507 1316 1795 1398 corporis
1837 1318 2260 1400 mysterium3
2305 1326 2373 1382 et
2424 1333 2573 1381 cum

217 1416 329 1481 illo
372 1426 574 1483 cantu
615 1420 1057 1502 processimus
1100 1439 1221 1486 nos
1262 1421 1642 1486 sacerdotes
1701 1429 1853 1482 ante
1873 1466 1894 1504 ,
1951 1430 2017 1484 et
2080 1422 2191 1484 alii
2248 1418 2573 1507 peregrini

218 1524 687 1607 sequebantur:
733 1532 800 1587 et
843 1527 908 1588 in
945 1527 1208 1590 chorum
1237 1529 1539 1590 venimus
1560 1524 1644 1588 ad
1666 1543 1982 1590 summum
2027 1527 2249 1609 altare,
2270 1526 2442 1610 quod
2465 1527 2573 1591 illo

220 1630 635 1692 sanctissimo
657 1629 799 1692 loco
814 1631 1096 1695 creditur
1108 1650 1258 1695 esse
1286 1640 1594 1714 erectum,
1618 1633 1685 1694 in
1716 1649 1843 1714 quo
1868 1631 2187 1695 Dominus
2202 1632 2404 1697 Jesus
2420 1633 2575 1695 ulti-

221 1751 389 1796 mam
413 1751 677 1797 coenam
709 1754 857 1798 cum
888 1738 1031 1800 suis
1059 1737 1394 1823 discipulis
1425 1739 1605 1821 fecit,
1651 1744 1719 1802 et
1762 1736 1849 1799 ibi
1892 1753 2130 1819 panem
2154 1746 2217 1799 et
2259 1739 2480 1802 vinum
2506 1738 2573 1799 in

221 1856 457 1923 corpus
485 1847 550 1901 et
574 1841 955 1922 sanguinem
983 1845 1620 1908 transsubstantiavit
1646 1853 1712 1905 et
1738 1840 2074 1925 discipulis
2105 1841 2420 1904 sumenda
2438 1850 2575 1904 tra-

222 1943 401 2028 didit,
423 1962 666 2030 eosquc
679 1946 1055 2014 sacerdotes
1075 1948 1249 2013 illius
1269 1951 1658 2013 sacramenti
1680 1948 1766 2011 ibi
1791 1948 2220 2012 consecravit.
2266 1946 2374 2009 Ad
2399 1947 2574 2010 hunc

220 2048 431 2114 locum
476 2050 958 2115 sanctissimum
1002 2057 1400 2122 accessimus
1442 2073 1612 2118 unus
1655 2064 1802 2138 post
1846 2054 2084 2137 alium,
2142 2061 2207 2115 et
2264 2056 2574 2136 prostrati

220 2154 434 2219 locum
477 2156 596 2218 sub
641 2166 875 2222 cavato
919 2159 1109 2223 altari
1153 2160 1510 2223 deosculati
1542 2176 1794 2242 sumus,
1839 2166 1902 2220 et
1946 2156 2386 2240 indulgentias
2427 2158 2576 2241 ple-

217 2260 441 2324 nariae
459 2261 862 2325 remissionis
882 2265 1251 2347 accepimus
1278 2265 1470 2348 (ἢ).
1511 2265 1691 2328 Ecce
1732 2264 2073 2346 peregrine
2097 2263 2295 2325 frater
2323 2263 2578 2326 charis-

221 2365 405 2451 sime,
448 2366 556 2431 bic
578 2365 829 2454 domus,
864 2368 971 2435 hic
992 2371 1431 2452 coenaculum,
1453 2370 1561 2432 hic
1592 2385 1839 2450 mensa,
1864 2367 1972 2430 ubi
2016 2368 2205 2450 panis
2249 2367 2574 2450 coelestiS,

222 2472 410 2555 panis
450 2471 848 2556 Angelorum
874 2519 896 2558 ,
952 2474 1189 2538 donum
1245 2476 1465 2560 utique
1533 2471 1864 2538 ineffabile
1917 2473 2292 2557 propinatur
2314 2513 2335 2555 ,
2402 2471 2577 2557 quod

221 2576 430 2639 solum
470 2576 665 2640 habet
706 2580 1066 2644 accendere
1108 2579 1520 2660 desiderium,
1558 2577 1985 2641 humilitatem
2031 2580 2348 2662 ingerere,
2393 2596 2577 2641 com-

221 2681 633 2765 punctionem
671 2685 999 2770 inducere,
1041 2687 1352 2770 praebere
1393 2684 1716 2765 fiduciam,
1760 2699 1941 2765 spem
1974 2681 2246 2766 erigere,
2286 2681 2368 2744 ad
2390 2700 2576 2744 amo-

223 2804 364 2849 rem
405 2787 818 2875 inflammare,
857 2791 1199 2856 infundere
1240 2789 1548 2874 gaudium
1568 2833 1592 2871 ,
1656 2788 1942 2854 excitare
1999 2786 2082 2850 ad
2122 2787 2574 2869 reverentiam,

225 2899 502 2956 mentem
546 2892 939 2979 liquefacere
957 2942 980 2980 ,
1022 2906 1086 2960 et
1146 2895 1422 2962 affectus
1465 2892 1876 2958 dulcissimos
1917 2909 2291 2976 provocare.
2363 2890 2581 2974 Super

223 2999 440 3062 omnia
480 2997 625 3062 loca
665 3011 898 3065 sancta
930 3011 1031 3065 est
1062 3003 1170 3066 hic
1210 3002 1456 3065 honore
1495 2999 1940 3084 dignissimus,
1975 3000 2033 3062 si
2058 2997 2311 3062 modum
2358 3003 2589 3059 παθη-ἐ

227 3104 478 3188 damus,
500 3125 629 3191 quo
657 3124 978 3171 summum
1021 3107 1258 3170 bonum
1284 3125 1361 3171 se
1384 3107 1571 3170 nobis
1604 3106 2126 3186 communicavit,
2159 3104 2369 3166 omnis
2393 3121 2579 3164 nam—

207 3229 355 3296 ,que
373 3211 578 3294 locus,
602 3230 730 3296 quo
754 3212 941 3276 nobis
970 3212 1304 3276 confertur
1322 3212 1538 3296 aliquo
1561 3211 1749 3275 modo
1774 3210 1977 3291 Deus,
2001 3217 2104 3271 est
2126 3209 2313 3272 nobis
2354 3208 2577 3289 utique
2646 3259 2679 3288 ·.
2740 3281 2749 3290 Ι

224 3316 682 3385 venerandnst
720 3318 892 3380 sicut
940 3316 1266 3399 Nazaret,
1311 3319 1421 3379 ubi
1468 3317 1833 3398 recepimus
1887 3315 2097 3378 Deum
2143 3315 2619 3392 incarnatum3·

223 3422 562 3486 Bethleem
605 3431 869 3505 natum3
914 3438 1100 3486 mons
1121 3415 1470 3484 Calvariae
1513 3421 1734 3484 tribuit
1776 3420 1963 3482 nobis
2005 3437 2149 3482 eum
2176 3416 2572 3482 crucifixum.

224 3529 382 3593 Ideo
426 3530 651 3593 merito
671 3530 839 3593 haec
878 3528 1023 3591 loca
1061 3527 1305 3590 honore
1345 3533 1497 3589 sunt
1533 3524 1769 3608 digna:
1817 3523 1936 3588 sed
1982 3524 2132 3606 plus
2174 3522 2309 3605 ille,
2352 3522 2577 3605 inquo

224 3635 546 3700 salubrior
587 3634 768 3698 sacta
807 3633 931 3697 fnit
982 3632 1476 3697 communicatio
1494 3675 1513 3711 ,
1573 3647 1764 3714 quam
1822 3629 1893 3691 in
1951 3628 2229 3690 caeteris
2282 3627 2445 3692 locis
2514 3635 2579 3689 et

223 3741 529 3822 intimior,
569 3738 898 3823 praebens
936 3754 1015 3802 se
1055 3738 1164 3802 hic
1204 3737 1272 3800 in
1331 3733 1657 3818 edulium,
1700 3750 1937 3816 corpus
1982 3749 2170 3796 snum
2231 3733 2301 3802 in
2362 3732 2579 3796 cibum

224 3852 294 3907 et
333 3844 720 3928 sanguinem
761 3848 831 3908 in
872 3849 1115 3928 potum,
1152 3850 1223 3907 ut
1256 3840 1512 3906 cibatus
1551 3839 1741 3903 fleret
1782 3855 1981 3902 unum
2024 3855 2173 3901 cum
2214 3837 2383 3920 cibo,
2425 3837 2578 3921 quia

225 3949 341 4034 qui
369 3947 717 4013 manducat
757 3967 963 4012 meam
1006 3967 1288 4031 carnem,
1331 3945 1560 4031 inquit,
1597 3954 1664 4008 et
1706 3944 1864 4007 bibit
1905 3959 2121 4028 meum
2160 3943 2576 4025 sanguinem,

226 4054 297 4118 iu
339 4072 446 4117 me
483 4062 700 4118 manet
740 4061 807 4117 et
849 4072 974 4138 ego
1019 4053 1086 4116 in
1126 4053 1291 4136 ipso.
1379 4051 1514 4117 Sed
1574 4061 1641 4116 et
1694 4056 1953 4132 praeter
1992 4047 2160 4113 haec
2225 4044 2581 4110 ineffabilia

225 4158 339 4224 hic
378 4157 594 4224 finivit
634 4159 855 4243 typica
895 4167 964 4222 et
1000 4157 1261 4242 legalia,
1299 4166 1367 4222 et
1407 4175 1582 4222 nova
1621 4154 1903 4219 instituit
1940 4160 2365 4217 sacramenta.
2450 4150 2580 4214 Jo-

227 4263 511 4329 hanuem
549 4266 620 4330 iu
679 4266 831 4329 sinu
899 4263 1274 4330 recumbere
1347 4261 1672 4346 permisit3
1744 4256 2136 4344 proditorem
2186 4257 2332 4340 (B)
2386 4269 2576 4318 suum

226 4368 472 4436 Judam
510 4357 1193 4453 uscireafflma'vit3
1235 4366 1431 4438 Petro
1472 4383 1700 4431 casum
1730 4381 1922 4428 suum
1960 4361 2312 4448 praedixit3
2353 4359 2572 4441 fugam

2036 4461 2153 4520 16·
