3242 5259
1696 352 1827 418 ⁴⁰2

595 534 741 621 eju
805 533 1158 616 exultavit,
1241 531 1426 599 dum:
1495 535 1914 619 Magmficat,
1988 534 2300 617 hymnum
2369 531 2947 616 jucundissimum,

598 641 1005 722 decantavit,
1049 656 1135 703 ex
1175 654 1304 723 quo
1343 654 1506 724 puer
1545 634 1821 706 olausus‘
1852 642 1924 705 in
1960 645 2147 700 utere
2190 636 2514 700 excitatus
2555 638 2623 701 in
2657 636 2944 721 jubilum

598 744 998 829 assurrexit,
1040 751 1111 807 et
1153 742 1543 826 exsultavit,
1600 751 1671 806 et
1707 743 1833 806 hoo
1872 742 2016 807 loco
2077 745 2347 809 visitato
2392 740 2582 805 rediit
2622 742 2690 805 in
2729 740 2945 805 Jeru-

599 848 824 915 salem

767 949 1073 1016 Secundo
1115 950 1399 1016 creditur
1440 951 1724 1034 siugulis
1766 952 2101 1016 mensibus
2153 954 2496 1016 transiisse
2537 952 2620 1018 de
2657 950 2945 1015 Jerusa-

597 1059 728 1124 lem
787 1058 858 1121 in
910 1057 1329 1140 Bethlehem,
1385 1063 1454 1118 et
1511 1056 1602 1120 ibi
1642 1058 1909 1121 intravit
1977 1056 2391 1140 speluncam,
2455 1059 2523 1120 in
2591 1074 2723 1140 qua
2784 1055 2943 1120 huic

599 1162 840 1229 mundo
904 1162 1123 1227 lumen
1187 1170 1517 1225 aeternum
1581 1160 1843 1246 effudit,
1907 1162 2139 1225 Jesum
2194 1159 2528 1226 Christum
2588 1159 2943 1224 Dominum

599 1278 909 1333 nostrum.
994 1264 1320 1345 Quantum
1362 1274 1580 1329 autem
1619 1265 1928 1349 gaudium
1968 1267 2036 1329 in
2071 1268 2195 1332 hoc
2237 1265 2380 1330 loco
2422 1265 2741 1348 babuerit,
2784 1263 2939 1346 quis

600 1391 908 1437 enarrare
947 1369 1238 1436 valebit?
1279 1372 1459 1436 Loco
1502 1371 1675 1434 enim
1728 1371 2271 1454 indulgentiarum
2331 1366 2662 1455 plenariae
2704 1369 2943 1431 remis—

602 1480 832 1559 sionis,
874 1492 1039 1561 quas
1086 1477 1197 1541 alii
1236 1486 1621 1562 peccatores
1664 1480 1744 1539 ab
1786 1477 1913 1545 hoc
1954 1477 2099 1541 loco
2135 1468 2493 1559 deportant,
2531 1474 2676 1555 ipu
2710 1490 2944 1556 repor-

605 1585 775 1650 tavit
818 1601 968 1647 cum
1009 1584 1534 1666 augmentatione
1574 1556 1944 1646 meritorum
2007 1581 2359 1667 plenariam
2400 1580 2601 1642 animi
2648 1576 2947 1641 illustra-

602 1688 845 1753 tionem
886 1697 952 1751 et
998 1687 1520 1752 consolationem.
1568 1686 1649 1769 0,
1681 1705 1872 1771 quam
1912 1689 2142 1751 suavis
2175 1693 2243 1748 et
2282 1683 2462 1748 utilis
2496 1681 2941 1747 commutatio!

775 1792 1000 1856 'l'ertio
1039 1791 1318 1875 singulis
1362 1790 1591 1855 diebus
1652 1790 1833 1893 loca,
1866 1791 2311 1857 sanctissima
2332 1790 2401 1852 ιιι
2461 1786 2831 1851 Jerusalem
2874 1796 2945 1849 et

605 1916 725 1983 per
780 1898 1122 1969 circuitum
1176 1896 1448 1960 visitare
1497 1876 1773 1961 studuit.
1855 1898 2059 1961 Mane
2112 1896 2321 1977 enim,
2382 1895 2944 1978 appropinquante

605 2018 855 2086 aurora,
894 1999 1362 2065 communicata
1405 2018 1447 2063 a
1485 1994 1791 2063 Jolianne
1828 2003 1903 2063 in
1947 2010 2168 2065 moute
2223 1999 2406 2083 Syon
2450 2000 2748 2095 Domini,
2790 2015 2939 2061 cum

605 2108 749 2172 suis
809 2105 1173 2189 virginibus
1227 2105 1466 2191 exivit,
1531 2114 1598 2167 et
1653 2105 2078 2169 coenaculum
2132 2105 2298 2169 illud
2356 2102 2605 2189 grande
2666 2109 2943 2166 stratum

606 2213 872 2277 ultimae
929 2228 1178 2274 coenae
1253 2211 1557 2293 ingressa
1620 2210 2173 2294 contemplabatur
2246 2194 2565 2273 immensa
2627 2207 2797 2272 dona
2852 2204 2944 2275 ibi

609 2319 890 2385 humano
929 2315 1159 2400 generi
1199 2315 1468 2398 collata,
1531 2323 1599 2378 et
1639 2318 1956 2398 mysteria
1996 2290 2497 2411 profundissima
2551 2300 2945 2411 intuebatur,

610 2423 930 2489 sessionis
971 2421 1089 2486 filii
1131 2423 1236 2485 sui
1279 2420 1779 2503 deosculabatur
1820 2418 2037 2485 locuni
2078 2429 2201 2484 etc·
2267 2421 2358 2483 Et
2400 2402 2553 2499 inde
2588 2435 2947 2505 progressa

613 2527 874 2592 domum
913 2524 1152 2590 Annae
1189 2526 1455 2590 intravit
1479 2522 1834 2609 pontificis,
1875 2535 1943 2589 et
1981 2526 2071 2589 ibi
2116 2525 2284 2589 fusis
2325 2526 2625 2607 precibus
2652 2523 2949 2607 Caiphae

610 2633 855 2719 muriam
896 2632 1197 2716 ingressa
1239 2649 1370 2695 nou
1440 2631 1691 2715 absque
1732 2649 2022 2709 moerore
2063 2629 2518 2695 considerabat
2572 2629 2688 2693 mii
2731 2631 2838 2692 sui
2875 2631 2947 2692 in

612 2736 841 2807 eadem
903 2734 1092 2801 domo
1147 2736 1482 2803 molestias
1541 2750 1910 2820 perpessas.
2021 2734 2278 2799 Deinde
2334 2734 2419 2797 de
2479 2743 2698 2799 monte
2758 2733 2947 2818 Syon

612 2843 942 2907 civitatem
1004 2858 1278 2925 egressa
1346 2850 1633 2905 montem
1689 2838 2037 2905 Calvariae
2100 2839 2395 2904 ascendit
2409 2884 2431 2923 ,
2492 2847 2563 2905 et
2622 2839 2949 2904 accedens

611 2966 840 3030 rupem
878 2946 1095 3011 crucis
1127 2947 1466 3030 ipsamque
1507 2946 1852 3030 complexa
1891 2946 2147 3012 dulcius
2187 2945 2684 3013 deoamlabatur
2700 2990 2723 3030 ,
2760 2958 2950 3031 com-

614 3070 812 3136 passa
863 3051 1238 3117 dulcissimo
1279 3051 1370 3114 ibi
1412 3049 1777 3136 cmcifix03
1820 3062 1887 3117 et
1942 3054 2512 3138 congratulabatur
2560 3060 2693 3115 non
2735 3050 2950 3112 minus

595 3156 1058 3221 'dulcissimam
1101 3153 1508 3235 devotionem
1554 3157 1879 3222 redemtis,
1922 3150 2030 3223 Ex
2070 3157 2223 3223 inde
2256 3158 2513 3223 hortum
2552 3153 2948 3221 monumenti

615 3261 882 3325 Domini
919 3261 1223 3343 ingressa
1263 3259 1347 3324 ad
1390 3258 1602 3380 (154
1617 3261 1727 3346 A)
1778 3262 1992 3331 lo'oum
2033 3265 2235 3363 venit,
2274 3263 2388 3329 ubi
2427 3276 2665 3347 corpus
2690 3259 2948 3325 Deruini

617 3367 721 3432 sui
771 3375 836 3431 et
876 3365 994 3430 filii
1035 3367 1368 3431 inunctum
1411 3338 1531 3429 fuit
1573 3364 1662 3433 *οι
1702 3354 2099 3435 aromatibus
2137 3366 2495 3453 eonditum,
2538 3378 2605 3431 et
2644 3366 2737 3435 ibi
2790 3382 2949 3448 pro·

614 3479 836 3536 strata·
874 3470 1154 3555 lapidem
1197 3466 1422 3536 osculo
1466 3464 1881 3538 deosculabat
1892 3516 1915 3557 ,
1956 3482 2040 3577 3⁸
2094 3475 2286 3539 citius
2332 3473 2486 3537 iude
2540 3488 2825 3556 surgens
2862 3467 2947 3533 ad

618 3586 1096 3653 monumentum
1136 3575 1397 3643 Domini
1438 3582 1659 3661 venit,
1722 3586 1789 3642 et
1822 3595 2094 3662 specum
2131 3580 2430 3673 ingressa
2507 3576 2951 3659 tumulumque

614 3682 957 3767 complexa
997 3680 1308 3749 ineffabili
1361 3682 1603 3785 gaudio
1647 3683 1737 3747 ibi
1785 3684 2178 3767 replebatur.
2264 3684 2371 3748 Ab
2398 3666 2520 3748 Ἱιιι
2561 3700 2721 3747 vero
2784 3681 2949 3746 locis

616 3796 872 3853 semota
909 3786 996 3852 de
1035 3794 1254 3851 monte
1297 3784 1649 3853 Calvariae
1688 3787 2027 3857 descendit
2067 3797 2298 3855 eontra
2349 3790 2632 3853 civitatis
2672 3788 2948 3872 portam,

616 3902 684 3955 et
725 3894 792 3956 ιιι
833 3893 948 3956 via
985 3911 1115 3957 nou
1155 3894 1487 3958 immemor
1524 3892 1644 3958 mii
1690 3911 1827 3978 sm,
1872 3894 2131 3979 quando
2177 3913 2297 3980 per
2335 3913 2479 3958 eam
2520 3896 2711 3978 gravi
2752 3906 2950 3956 cruce

615 4006 923 4062 oneratus
968 3998 1091 4062 fuit
1131 3997 1440 4082 eductus,
1484 4002 1665 4066 et'in
1704 4000 1904 4083 locis,
1946 4002 2058 4065 ubi
2096 4000 2349 4069 viderat
2392 3994 2613 4065 -lilium
2671 3997 2782 4063 vel
2818 3997 2948 4061 sub

615 4103 832 4167 erucis
874 4122 1072 4168 onere
1114 4103 1384 4185 cadere,
1437 4104 1803 4193 vel-aliqua
1845 4105 2163 4190 singulari
2213 4106 2447 4189 injuria
2486 4106 2747 4187 vexari,
2792 4120 2949 4186 pro·

595 4214 827 4272 'strata
863 4210 1111 4274 orabat.
1198 4210 1290 4272 Et
1330 4210 1425 4273 ita
1462 4212 1688 4274 urbem
1731 4230 1848 4294 per
1889 4219 2137 4294 portam
2176 4209 2586 4293 judiciariam
2627 4210 2949 4293 ingressa,

614 4311 683 4378 iu
724 4316 1117 4398 praetorium
1149 4313 1349 4379 Pilati
1390 4312 1714 4398 ascendit,
1757 4324 1826 4380 et
1865 4315 2013 4380 loca
2053 4315 2513 4400 flagellationis
2564 4322 2630 4377 et
2671 4308 2951 4379 corona-

615 4419 830 4517 tionis·
856 4416 1233 4485 deosculata
1271 4422 1518 4507 gratias
1569 4421 1730 4505 egit.
1812 4420 1901 4486 Et
1940 4438 2215 4507 egressa
2254 4422 2323 4486 in
2365 4420 2625 4485 domum
2666 4417 2952 4485 Herodis
