3242 5259
347 512 649 580 tristitiae
675 508 1140 596 Apostolorum
1183 486 1476 583 venerati
1504 526 1757 583 sumus.
1838 512 1916 589 In
1951 511 2116 596 ipsis
2150 520 2363 576 autem
2384 514 2686 578 cavernis

346 622 784 685 consistentes
824 616 925 680 sic
959 615 1341 700 peregrinus
1372 617 1459 680 ad
1503 600 1915 702 peregrinum
1944 616 2458 700 colloquebatur:
2504 636 2685 701 ecce,

350 724 574 808 frater,
614 723 683 786 in
721 723 850 788 hac
881 737 1164 785 caverna
1205 720 1373 786 forte
1393 721 1640 786 resedit
1661 720 1941 785 dilectus
1968 718 2177 803 (162
2194 720 2301 799 A)
2323 721 2699 807 Apostolus.

346 827 670 911 Andreas,
713 826 981 912 plorans
1021 826 1313 908 magistri
1352 827 1457 892 sui
1477 826 1948 893 calamitatem.
2046 825 2240 891 Alius
2271 845 2358 890 ex
2391 830 2687 912 oppositu

349 931 592 999 sedens
635 931 828 997 dixit:
873 938 940 993 et
980 931 1088 994 hic
1128 930 1301 995 sedit
1345 930 1683 1015 apostolus
1705 927 2261 1014 Bartholomaeus,
2303 930 2687 1016 lamentans,

346 1053 424 1102 se
459 1033 834 1101 deseruisse
876 1034 1322 1100 dulcissimum
1363 1036 1768 1120 magistrum.
1850 1035 1909 1098 Ε
1950 1042 2182 1100 contra
2239 1034 2403 1100 alter
2449 1037 2518 1099 in
2561 1037 2691 1102 alia

349 1139 665 1224 spelunca
706 1138 899 1205 dixit:
944 1149 1014 1204 et
1063 1141 1171 1204 hic
1201 1139 1745 1206 sessionis-loeus
1768 1149 1896 1223 est,
1936 1139 2005 1204 in
2029 1158 2156 1224 quo
2199 1140 2367 1204 forte
2403 1141 2691 1207 Thomas

348 1244 583 1309 dubius
625 1263 772 1309 cum
815 1246 1078 1308 tristitia
1118 1246 1307 1310 sedit‘.
1389 1246 1497 1311 Ex
1519 1245 1647 1308 alio
1667 1264 1829 1310 vero
1870 1263 2155 1310 caverna
2193 1246 2362 1309 alius
2393 1247 2691 1331 peregri-

352 1367 478 1415 nos
518 1348 878 1435 advocans,
943 1349 1201 1415 dicens:
1267 1368 1446 1434 ecce,
1488 1351 1596 1414 hic
1638 1349 1765 1415 duo
1809 1349 1953 1415 loca
1991 1349 2186 1413 si'mul
2225 1350 2294 1415 in
2334 1351 2461 1415 hoc
2500 1360 2689 1415 tene-

350 1455 544 1521 broso
578 1473 803 1540 specu,
830 1458 962 1541 ubi,
1007 1467 1081 1521 ut
1103 1458 1349 1541 opinor,
1389 1454 1703 1520 sederunt
1726 1454 1853 1518 duo
1875 1454 2177 1538 Apostoli
2205 1455 2425 1539 simul,
2460 1455 2689 1521 Simon

352 1568 421 1623 et
469 1559 686 1625 Iudas.
812 1562 903 1626 Et
935 1565 1050 1641 ,ita
1101 1560 1383 1645 jocan‘do
1443 1542 1681 1625 deviato
1742 1562 2099 1622 certamine
2152 1559 2420 1644 quilibet
2474 1560 2689 1627 losum

353 1664 640 1730 attribuit
688 1667 982 1749 apostolo
1028 1668 1147 1753 iiii,
1217 1685 1412 1754 quem
1471 1664 1681 1749 magis
1700 1662 1975 1737 ,dilexit
2071 1662 2148 1731 Iit
2215 1664 2445 1729 eodem
2502 1667 2689 1733 herto

347 1770 633 1852 ingressi
699 1787 932 1835 sumus
1017 1772 1339 1857 quandam
1416 1770 1814 1854 singularem
1880 1768 2292 1854 speluncam,
2369 1769 2690 1838 dominico

351 1874 696 1958 sepulchro
735 1875 1126 1940 simillimam
1145 1922 1167 1961 ‚
1215 1885 1426 1960 ‚prout
1465 1883 1608 1938 erat
1642 1876 1716 1937 iu
1763 1890 1885 1937 suo
1925 1874 2133 1957 primo
2193 1882 2389 1941 statu.
2496 1872 2691 1945 Circa

351 1980 517 2044 haec
555 1979 702 2047 loca
751 1978 947 2049 dictis
986 1976 1392 2047 enitionibus
1430 1979 1870 2062 indulgentias
1911 1979 2274 2064 recepimus
2312 1980 2458 2062 st).

451 2224 569 2301 De
624 2236 879 2305 sancto
911 2186 1108 2330 ’agro
1154 2202 1613 2307 Acheldama
1676 2235 1869 2303 emto
1935 2225 2174 2329 pretio
2221 2182 2597 2326 sanguinis

1072 2348 1364 2463 Domini
1418 2347 1610 2425 Jesu
1636 2343 1961 2431 ,Chi-isti.

497 2528 812 2597 Latebrl's
851 2530 1311 2615 discipulorum
1343 2531 1718 2615 -perspectis
1797 2527 2071 2591 ulterius
2114 2536 2395 2593 montem
2436 2529 2691 2594 Achel-

356 2631 544 2696 dama
603 2630 1018 2701 ascendimus
1073 2651 1191 2716 per
1252 2622 1495 2695 cfivum
1538 2632 1791 2715 rupium
1835 2641 1903 2696 et
1941 2640 2298 2717 petrarum,
2356 2633 2581 2699 duram
2625 2644 2691 2698 et

355 2752 659 2801 saxosam
701 2739 897 2823 viam,
939 2738 1008 2801 in
1045 2756 1176 2824 quo
1217 2752 1501 2821 ascensu
1538 2736 1804 2822 quidam
1841 2735 2081 2800 milites
2108 2740 2314 2801 teneri
2344 2746 2407 2801 et
2429 2738 2690 2803 delicati

360 2842 515 2909 facti
559 2842 820 2907 fuerunt
856 2844 1300 2925 impatientes,
1354 2851 1423 2906 et
1476 2840 1956 2906 murmurabant
1997 2861 2114 2925 pro
2158 2841 2377 2907 labore
2418 2846 2686 2909 itineris.

355 2947 633 3012 Eramus
673 2950 844 3011 enim
889 2948 1141 3011 incensi
1175 2946 1394 3010 calore
1410 2947 1984 3013 vehetuemissimo
2014 2948 2209 3031 solis3
2255 2951 2691 3031 processimus

354 3061 570 3116 tamen
612 3070 894 3138 sursum,
939 3061 1003 3115 et
1039 3048 1245 3135 'super
1283 3070 1510 3135 aprum
1564 3059 1865 3115 sanctum
1907 3051 2312 3119 Acheldama
2363 3054 2685 3118 venimus.

354 3156 457 3221 De
529 3158 654 3222 hoc
714 3175 874 3242 agro
950 3159 1265 3222 habemus
1317 3156 1548 3220 matth.
1573 3156 1879 3265 ‘xxvtz
1924 3160 2038 3243 qui
2100 3165 2253 3221 ante
2315 3160 2688 3242 passionem

357 3261 602 3327 Christi
643 3263 976 3327 dicebatur
999 3264 1192 3347 ager·
1200 3260 1404 3345 figuli,
1446 3226 1612 3345 quia
1644 3261 1811 3325 forte
1831 3271 1971 3326 erat
1990 3264 2330 3345 possessio
2351 3262 2688 3347 cujusdam

358 3366 566 3449 figuli
654 3367 851 3431 Hunc
901 3382 1144 3450 -agrum
1215 3373 1513 3430 emerunt
1573 3365 1813 3430 Judaei
1867 3384 1987 3450 pro
2051 3366 2184 3430 illis
2245 3364 2460 3426 XXX.
2526 3380 2691 3447 quos

359 3470 680 3535 dederuut
705 3471 922 3537 Judae
962 3490 1079 3555 pre
1103 3472 1383 3555 Domino
1403 3471 1592 3555 Jesu,
1635 3473 1705 3535 in
1743 3471 2147 3555 sepulturam
2186 3468 2690 3552 peregrinorum,

358 3593 630 3658 quorum
692 3592 965 3661 corpora
1042 3584 1196 3638 ante
1267 3577 1393 3641 hoc
1459 3586 1716 3661 tempus
1781 3572 2112 3658 insepulta
2168 3569 2687 3654 paojiciebantur.

358 3681 438 3743 In
473 3680 602 3745 hec
644 3698 801 3765 ergo
842 3697 1033 3773 sacro
1072 3686 1234 3764 agn-b
1294 3683 1363 3746 in
1406 3682 1612 3746 facies
1655 3688 1915 3745 nostras
1971 3675 2362 3761 procidimus
2425 3681 2496 3736 et
2536 3690 2692 3737 ora-

359 3785 574 3848 tiones
634 3785 1078 3869 praescriptas
1119 3785 1402 3871 legimus
1475 3795 1544 3850 et
1587 3784 2028 3869 indulgentias
2068 3779 2396 3866 plenariae
2457 3780 2695 3842 remis-

357 3889 566 3979 sioniff
583 3889 961 3973 accepimus
986 3890 1178 3975 (st).
1232 3891 1318 3963 Bt
1337 3892 1460 3956 -his
1484 3889 1769 3975 peractis
1795 3874 2155 3953 resedimus
2186 3884 2270 3953 ad
2291 3882 2694 3968 pausandum

360 4002 431 4057 et
467 3992 554 4058 ad
571 3994 698 4063 leci
725 3994 1325 4061 considerationem.
1409 3995 1624 4060 Nobis
1665 3994 1767 4058 sic
1808 3986 2187 4058 sedentibus
2228 3987 2567 4061 adscendit
2609 3983 2695 4049 ad

355 4116 482 4164 nos
515 4098 779 4184 quidam
814 4099 1082 4183 juvenis
1119 4100 1552 4171 sarracenus,
1578 4106 1846 4184 portans
1870 4107 2161 4197 sportam
2187 4095 2445 4187 plenam
2469 4093 2694 4174 botris,

358 4200 443 4264 de
479 4204 717 4287 quibus
756 4204 1054 4290 emimus,
1094 4215 1162 4270 et
1200 4206 1294 4271 ita
1327 4220 1532 4291 nuper
1572 4220 1800 4289 agrum
1822 4203 2381 4285 manducavimus,
2423 4206 2495 4261 et
2522 4196 2695 4261 bene

360 4308 632 4371 recreati
673 4308 928 4374 fuimus.
