3242 5259
1745 365 1872 432 42⁰

625 550 780 616 inde
838 564 1156 634 praesepe
1211 548 1496 632 ligneum
1514 589 1535 628 ‚
1593 548 1767 634 quod
1806 548 2061 633 Joseph
2134 547 2493 612 fabricasse
2562 544 2795 611 dicitnr
2810 590 2833 630 ‚
2895 556 2983 613 et

621 654 1030 742 panniculos,
1072 660 1141 716 et
1181 652 1494 737 caligulas
1535 654 1810 739 Joseph,
1864 655 2203 718 camisiam
2246 653 2502 735 long-am
2545 652 2779 715 beatae
2800 651 2986 716 Vir-

622 760 798 845 ginis
837 758 1166 843 [sumsit],
1208 766 1275 821 et
1317 757 1504 821 duxit
1544 760 1612 822 in
1635 758 2284 844 Constantinopolim,
2329 776 2460 822 nou
2492 765 2565 820 ut
2583 756 2981 822 Bethlaeen

558 874 564 879 '
621 865 965 948 spoliaret,
1004 862 1128 927 sed
1168 869 1244 925 nt
1286 863 1478 926 etiam
1520 864 1654 931 alia
1691 863 1837 937 loca
1877 882 2024 928 cum
2068 861 2609 927 bethlehemiticis
2675 860 2982 946 reliquiis

621 967 993 1037 honoranda
1035 956 1351 1032 redderet.
1443 967 1672 1033 Posuit
1695 975 1913 1033 autem
1935 967 2270 1052 praefatas
2305 966 2613 1051 reliquias
2634 964 2984 1030 Constan-

623 1072 891 1158 tinopoli
927 1075 996 1135 in
1052 1072 1398 1136 ecclesiam
1439 1071 1511 1136 S.
1556 1072 1882 1157 Sophiae,
1936 1082 2106 1156 quae
2157 1071 2247 1135 ibi
2316 1077 2703 1134 manserunt
2756 1086 2982 1155 usque

627 1177 737 1242 ad·
767 1187 1056 1262 tempora
1106 1175 1326 1241 Caroli
1382 1178 1633 1261 Magni.
1696 1204 1703 1211 ·
1745 1178 1875 1241 Hic
1929 1175 2211 1241 Carolus
2272 1176 2606 1239 civitatem
2671 1181 2980 1238 sanctam

628 1282 992 1348 Jerusalem
1034 1290 1097 1344 et
1141 1280 1572 1363 patriarcham
1610 1282 1755 1365 eJns
1785 1281 2171 1345 Zachariam
2200 1280 2498 1353 liberavit
2541 1279 2623 1343 de
2645 1287 2985 1361 potestate

627 1388 1156 1469 Sarracenorum,
1197 1394 1264 1449 et
1297 1383 1695 1450 Christianis
1730 1385 2167 1473 orientalibus=
2188 1403 2417 1469 pacem
2460 1383 2758 1450 reddidit.
2837 1382 2987 1463 Qui

539 1552 546 1557 ,
633 1493 784 1557 dum
822 1510 970 1556 cum
1011 1490 1304 1553 exercitu
1346 1507 1474 1557 suo
1518 1490 1585 1553 in
1616 1487 2229 1573 Constantinopolin
2270 1488 2592 1571 rediisset,
2633 1488 2866 1572 petivit
2898 1488 2982 1552 in

611 1597 1026 1668 refusionem
1083 1593 1375 1659 laborum
1434 1611 1699 1659 suorum
1764 1611 2084 1677 praesepe
2132 1611 2281 1658 cum
2326 1592 2520 1657 foeno
2533 1636 2556 1677 ,
2598 1610 2861 1677 panno,
2903 1602 2983 1655 et

631 1701 949 1785 caligulas
989 1707 1056 1763 et
1110 1699 1441 1762 camisiam
1483 1698 1715 1763 beatae
1755 1697 2069 1782 Virginis.
2151 1700 2240 1761 Et
2292 1715 2374 1760 ea
2414 1698 2629 1761 omnia
2670 1682 2979 1778 obtinuit,

561 1832 566 1836 ·
629 1808 700 1869 'et
743 1805 1020 1881 Romam
1065 1800 1294 1886 duxit3
1335 1803 1591 1867 foenum
1630 1808 1845 1866 autem
1892 1802 1972 1865 ad
2026 1802 2371 1869 ecelesiam
2442 1801 2678 1864 beatae
2716 1801 2981 1864 Mariae

634 1908 897 1991 maJoris
942 1906 1177 1990 posuit,
1220 1922 1535 1989 praesepe
1557 1925 1717 1970 vero
1758 1904 1842 1970 ad
1882 1917 2176 1973 sanetum
2202 1914 2573 1970 sanctorum
2596 1906 2662 1968 in
2688 1904 2980 1968 ecelesia

633 2010 1028 2076 lateranensi
1080 2008 1465 2091 collocavit3
1544 2013 1885 2075 camisiam·
1945 2022 2161 2077 antem
2230 2018 2299 2074 et
2350 2005 2666 2093 caligulas
2718 2007 2981 2092 Joseph

634 2134 715 2181 ac
768 2100 1054 2200 pannos,
1115 2111 1354 2196 quibus
1403 2113 1740 2177 involutus
1798 2115 2010 2179 fuerat
2051 2134 2214 2198 puer
2250 2114 2491 2198 Jesus,
2532 2115 2616 2176 >in
2652 2112 2978 2178 Aleman-

635 2205 810 2285 uiam
849 2220 1115 2283 bassam
1169 2216 1500 2280 transtulit
1558 2236 1769 2302 eaque
1806 2219 2201 2304 Aquisgrani
2246 2222 2315 2282 in
2357 2218 2701 2283 ecclesiam
2742 2219 2979 2295 beatae

635 2324 955 2408 Virginis,
978 2340 1171 2406 quam
1204 2320 1694 2406 aedificaverat,
1724 2326 1963 2407 posuit.-
2049 2326 2276 2408 Usque
2303 2327 2373 2388 in
2406 2322 2784 2388 hodiernum
2802 2321 2997 2391 diem.

635 2435 1077 2494 monstrantur
1128 2426 1216 2490 ibi
1277 2440 1539 2513 semper
1599 2430 1669 2491 in
1712 2430 1843 2494 vn
1896 2448 2085 2494 anno.
2143 2431 2335 2492 Haec
2388 2445 2514 2510 ego
2554 2426 2792 2492 ibidem
2832 2425 2975 2491 vidi

639 2552 811 2597 anno
856 2529 1042 2595 14⁶⁷.
1610 2533 1617 2539 ’
2596 2556 2600 2560 ·

651 2654 664 2667 ·
809 2634 1092 2715 Quintus
1140 2643 1355 2699 status
1395 2636 1522 2702 loci
1564 2638 1923 2702 nativitatis
1954 2637 2201 2702 Christi
2241 2636 2393 2701 talis
2420 2636 2574 2700 fuit.
2658 2635 2824 2699 Post
2860 2633 2978 2698 illa

640 2734 976 2825 praedicta
1037 2750 1327 2823 tempora
1381 2758 1746 2806 conversus
1792 2743 1920 2815 fnit
1980 2743 2065 2807 ad
2106 2740 2437 2805 Christum
2514 2749 2689 2804 totus
2730 2739 2972 2821 oriens,

644 2830 712 2910 et
748 2846 896 2911 loca
934 2854 1166 2909 sancta
1225 2845 1307 2909 ab
1349 2846 1680 2910 universis
1724 2846 1942 2912 muudi
1985 2846 2354 2910 nationibus
2399 2846 2868 2927 visitabantur,
2907 2852 2974 2907 et

644 2948 886 3035 quique
927 2949 1146 3040 devoti
1188 2956 1256 3012 et
1282 2949 1509 3013 Sancti
1551 2951 1841 3018 venditis
1875 2952 2189 3035 omnibus,
2234 2968 2407 3034 quae
2434 2949 2778 3031 habebant,
2825 2965 2974 3011 eum

653 3056 867 3136 pretio
929 3052 1009 3116 ad
1073 3062 1308 3117 terram
1380 3067 1673 3120 sanctam
1749 3056 2135 3138 veniebant,
2197 3064 2263 3117 et
2323 3055 2392 3118 in
2465 3071 2547 3117 ea
2606 3060 2977 3135 comparata

648 3156 986 3219 mansione
1027 3159 1231 3220 vitam
1274 3159 1383 3222 hic
1424 3160 1612 3224 finire
1661 3160 2024 3243 cupiebant.
2108 3159 2285 3222 Inter
2323 3158 2711 3231 haecvenit
2745 3157 2978 3222 beatus

642 3258 1041 3341 Jeronymus
1107 3258 1191 3322 de
1229 3260 1475 3344 Roma,
1535 3274 1598 3326 et
1664 3264 1730 3324 in
1773 3261 2153 3326 Bethlehem
2216 3262 2494 3327 manere
2539 3263 2740 3348 elegit
2801 3261 2977 3326 circa

644 3376 961 3446 praesepe
1000 3362 1281 3429 Domini.
1356 3363 1564 3444 Quem
1607 3374 1838 3429 secuta
1882 3365 2000 3430 fnit
2032 3365 2258 3451 Paula,
2304 3368 2718 3432 sanctissima
2757 3364 2977 3449 vidua,

648 3476 714 3531 et
754 3467 976 3551 plnres
1017 3466 1148 3538 alii.
1233 3467 1422 3533 Sicut
1457 3477 1637 3553 patet
1700 3469 1809 3534 fol.
1871 3470 1917 3534 6
1964 3470 2046 3533 Δ.
2105 3478 2171 3533 et
2228 3471 2338 3535 fol.
2392 3472 2439 3535 8
2476 3472 2559 3533 A.
2652 3471 2813 3542 Post
2862 3469 2979 3534 illa

645 3590 845 3636 aurea
900 3581 1195 3656 tempora
1273 3574 1724 3639 crescentibus
1820 3564 2076 3639 delictis
2157 3572 2668 3641 Christianorum
2743 3575 2977 3638 iterum

645 3676 993 3741 Sarraceni
1032 3686 1266 3742 terram
1309 3686 1604 3753 unctam
1662 3687 1978 3762 ceperunt
2018 3689 2307 3763 tempore
2348 3678 2684 3744 Benedicti
2739 3679 2978 3762 octavi,

593 3798 598 3803 ·
645 3779 769 3844 sub
811 3799 940 3864 quo
980 3782 1266 3845 schisma
1307 3800 1608 3866 magnum
1654 3788 1723 3847 in
1760 3784 2044 3849 ecclesia
2085 3785 2205 3848 fuit
2231 3793 2460 3867 ortum,
2500 3791 2571 3848 ct
2588 3782 2789 3848 multa
2808 3782 2978 3846 mala

647 3884 851 3966 saeta,
895 3892 958 3948 et
1003 3892 1358 3950 tenuerunt
1398 3886 1740 3953 Samceni
1783 3889 1923 3953 loca
1950 3889 2064 3954 illa
2104 3898 2335 3952 sancta
2376 3887 2568 3951 annis
2605 3886 2822 3959 multis
2851 3888 2976 3951 sub

647 3988 905 4050 tributo.
987 3989 1246 4051 Deinde
1278 3991 1510 4055 iterum
1553 3991 1912 4057 Christiani
1968 4012 2085 4077 per
2125 3992 2430 4057 mundum
2474 3992 2824 4075 gemebant
2859 4008 2975 4073 pro

651 4091 826 4167 locis⁸
847 4092 1140 4174 sitiretis,
1200 4101 1265 4155 et
1308 4093 1630 4158 adunatus
1673 4097 1796 4160 fuit
1837 4104 2011 4160 totus
2056 4091 2406 4180 occidens,
2435 4105 2504 4179 et
2539 4095 2823 4179 ingressi
2860 4111 2979 4177 per

649 4213 828 4275 mare
877 4203 945 4257 et
1003 4200 1241 4258 terram
1298 4197 1367 4259 in
1432 4199 1839 4263 multitudine
1892 4201 2082 4283 gravi
2142 4208 2687 4285 recuperaverunt
2743 4208 2976 4263 terram

650 4305 949 4365 sanctam
991 4299 1211 4361 multis
1255 4297 1602 4387 laboribus,
1653 4309 1722 4365 et
1761 4320 1982 4386 regem
2023 4302 2092 4365 in
2134 4303 2500 4367 Jerusalem
2542 4304 2869 4385 fecerunt,
2912 4310 2980 4364 et

656 4404 1232 4469 reaedificaverunt
1271 4404 1592 4469 ecelesias
1632 4415 1698 4470 et
1740 4408 2151 4490 monasteria,
2192 4391 2613 4473 instituentes
2641 4408 2982 4492 episcopos

3194 100 3206 659 1
