3242 5259
574 542 764 623 veni,
822 545 892 602 et
928 534 1044 600 illo
1099 530 1207 597 die
1259 529 1353 595 ibi
1414 530 1651 595 mansi.
1738 527 1969 592 Altera
2023 526 2165 612 die,
2232 545 2405 613 quae
2474 529 2595 594 fuit
2647 526 2793 593 dies
2846 530 2920 594 S.

576 645 893 728 othmari,
915 660 1066 705 cum
1110 634 1391 721 quodam
1431 632 1777 698 sacerdote
1819 632 1902 697 de
1927 633 2373 717 Memmingen
2414 635 2671 700 Ulmum
2712 653 2924 721 nsque

573 749 865 836 perveni.
982 746 1071 809 Et
1133 744 1475 826 ingressus
1544 745 1941 802 conventum
2014 737 2449 804 charitative·
2493 751 2560 806 et
2614 741 2930 806 laetanter

576 856 672 919 fui
723 858 1102 934 susceptus:
1167 856 1236 911 et
1278 848 1372 909 lta
1409 847 1478 908 in
1546 839 1779 909 cellam
1823 863 1930 908 me
1970 846 2192 927 recepi
2245 844 2330 909 ad
2373 845 2630 910 labores
2671 843 2924 908 solitos.

573 959 702 1023 Pro
760 964 939 1019 certo
1015 961 1232 1016 autem
1293 949 1475 1035 dico,
1557 949 1733 1034 quod
1814 948 1982 1013 haec
2046 951 2254 1032 prima
2338 951 2778 1035 peregrinatio
2862 949 2932 1012 in

574 1062 880 1146 centuplo
922 1060 1186 1144 gravior
1225 1065 1292 1120 et
1321 1055 1649 1120 molestior
1688 1054 1846 1118 mihi
1879 1053 2020 1137 fuit,
2051 1073 2246 1138 quam
2284 1055 2582 1120 secunda
2616 1065 2684 1119 et
2724 1055 2932 1120 multo

574 1165 999 1252 periculosior
1038 1172 1171 1227 tam
1214 1180 1333 1245 per
1388 1178 1570 1224 mare
1609 1177 1806 1243 qnam
1848 1177 1965 1242 per
2028 1168 2283 1223 terram.
2373 1160 2676 1225 Societas
2735 1160 2931 1225 etiam

574 1271 1060 1357 peregrinorum
1118 1268 1367 1350 primae
1416 1265 1846 1349 Evagationis
1914 1263 2034 1327 fuit
2089 1265 2470 1350 inquietior,
2537 1267 2690 1351 quia
2747 1272 2935 1329 erant

576 1378 748 1441 inter
807 1392 923 1437 eos
976 1371 1159 1436 multi
1214 1370 1762 1454 passionatissimi
1812 1368 2108 1433 homines
2122 1413 2145 1453 ,
2216 1379 2283 1434 et
2327 1371 2449 1434 fuit
2511 1370 2933 1435 cottidianum

575 1480 884 1565 litigium,
928 1486 994 1541 et
1031 1477 1254 1560 aliqui·
1274 1476 1453 1539 fures
1491 1474 1810 1558 Biccardi,
1854 1474 2053 1558 aliqui
2094 1490 2360 1557 semper
2413 1475 2667 1559 infirmi,
2728 1484 2794 1539 et
2850 1494 2938 1537 ex

575 1585 751 1650 omni
791 1592 982 1668 parte
1038 1583 1301 1666 gravior
1362 1580 1485 1644 fuit
1526 1580 1643 1645 illa
1692 1582 1900 1665 prima
1950 1580 2306 1663 Evagatio,
2374 1598 2568 1663 quam
2623 1578 2936 1663 secunda,

574 1688 881 1773 quamvis
956 1689 1104 1769 ipsa
1165 1684 1456 1749 secunda
1498 1686 1696 1750 fuerit
1729 1685 1933 1750 multa
1996 1684 2407 1768 laboriosior,
2471 1690 2815 1771 remotior,
2871 1694 2939 1748 et

574 1790 1051 1876 dispendiosior
1092 1807 1173 1852 ac
1216 1789 1673 1872 periculosior:
1718 1799 1853 1854 tum
1896 1788 2146 1873 majora
2230 1800 2298 1853 et
2353 1791 2565 1874 magis
2606 1791 2938 1855 mortifera

573 1896 865 1982 pericula
907 1902 1217 1977 expertus
1260 1912 1407 1958 sum
1448 1895 1514 1958 in
1554 1898 1762 1978 prima
1805 1913 1999 1980 quam
2035 1895 2102 1958 in
2163 1893 2475 1965 secunda.
2555 1895 2659 1959 Ex
2699 1896 2935 1979 quibus

576 2001 877 2067 omnibus
916 2000 1137 2085 liquet,
1181 1999 1354 2085 quod
1397 2000 1636 2064 falsum
1672 2009 1773 2064 est
1811 2002 1938 2065 hoc
1961 1998 2237 2082 vulgare
2278 1999 2718 2084 proverbium3
2759 1998 2934 2085 quod

577 2106 794 2171 (licere
869 2105 1192 2187 inexperti
1283 2104 1457 2168 soliti
1546 2114 1736 2169 sunt:
1846 2104 2099 2169 scilicet
2177 2103 2349 2187 quod
2417 2106 2848 2188 peregrinatio
2892 2123 2936 2168 a

578 2211 884 2275 Venetiis
928 2229 1048 2293 per
1088 2225 1269 2271 mare
1328 2226 1542 2293 usque
1601 2210 1687 2275 ad
1750 2219 1986 2274 terram
2054 2218 2352 2274 sanctam
2439 2210 2529 2272 sit
2610 2209 2934 2293 quoddam

579 2315 964 2380 solatiosum
1002 2314 1502 2397 spatiamentum
1556 2324 1663 2378 est
1700 2327 1914 2398 panca
1955 2324 2066 2378 aut
2107 2314 2285 2378 nulla
2312 2315 2626 2398 pericula.
2671 2314 2729 2379 0
2774 2314 2938 2379 (leus

581 2438 791 2505 meus,
833 2436 1030 2504 qnam
1073 2435 1283 2501 grave
1325 2426 1393 2481 et
1460 2419 1820 2483 taediosum
1872 2422 2411 2503 spatiamentum!
2484 2437 2677 2502 quam
2719 2420 2939 2483 multis

581 2525 863 2590 miseriis
903 2523 1248 2586 infectum!
1293 2523 1545 2587 Multos
1592 2528 1766 2588 enim
1809 2525 2111 2589 robustos
2166 2522 2456 2607 juvenes
2512 2524 2763 2588 nobiles
2802 2525 2940 2590 vidi

584 2647 711 2713 ego
762 2630 830 2692 in
887 2628 1014 2692 boc
1067 2625 1499 2711 spatiamento
1575 2630 2035 2713 succumbere,
2098 2632 2210 2713 qui
2273 2628 2746 2714 quodammodo
2811 2631 2941 2694 sibi

583 2732 751 2816 ipsis
786 2730 1176 2795 videbantur
1216 2732 1519 2798 fluetibus
1563 2738 1765 2800 maris
1833 2735 2149 2817 imperare
2207 2742 2272 2796 et
2333 2736 2642 2799 montium
2715 2734 2943 2798 altitu-

587 2836 777 2901 dines
818 2839 889 2900 in
937 2845 1185 2900 statera
1236 2838 1659 2922 appenderes²
1721 2838 1833 2921 qni
1922 2836 2180 2900 tandem
2246 2836 2530 2914 miseriis
2618 2838 2808 2902 fracti
2875 2849 2944 2903 et

585 2941 934 3005 infeliciter
973 2940 1286 3003 humiliati
1328 2943 1785 3006 miserabiliter
1824 2941 2003 3022 justo
2044 2938 2151 3003 dei
2185 2937 2435 3020 judicio
2480 2939 2750 3019 periere.
2808 2942 2946 3007 Det

583 3042 769 3106 Deus
810 3042 981 3105 hanc
1020 3043 1603 3124 peregrinationem
1676 3046 2170 3125 spatiamentum
2245 3041 2398 3102 leve
2450 3038 2795 3108 dicentium
2838 3048 2942 3111 sic

584 3146 793 3207 tristia
813 3144 1077 3226 sentire,
1119 3152 1190 3207 ut
1234 3143 1489 3207 discant
1523 3163 1671 3208 cum
1702 3145 2059 3227 peregrinis
2087 3152 2301 3207 terrae
2340 3153 2616 3208 sanctae
2665 3146 2933 3234 (uA)

589 3247 871 3312 debitam
912 3237 1431 3330 co'mpassionem
1485 3250 1747 3313 habere.
1843 3249 2254 3331 Attemptare
2292 3249 2467 3310 enlm
2510 3248 2682 3316 hanc
2740 3273 2940 3336 pere-

584 3352 1015 3437 grinationem
1055 3350 1370 3414 audaciae
1418 3361 1483 3416 et
1532 3350 1925 3416 fortitudinis
1987 3361 2110 3417 est.
2153 3356 2231 3418 In
2264 3353 2597 3438 plerisque
2634 3360 2938 3426 vitiosam

584 3457 1012 3522 temeritatem
1088 3464 1155 3519 et
1225 3456 1548 3521 curiosam
1618 3457 2106 3522 instabilitatem
2196 3476 2350 3522 esse
2431 3477 2622 3526 nemo
2668 3463 2934 3531 dubitat.

583 3561 939 3627 Pervenit-e
980 3579 1139 3624 vero
1179 3557 1266 3624 ad
1307 3560 1459 3625 loca
1514 3572 1747 3627 sancta
1790 3573 1858 3628 et
1900 3564 2110 3630 redire
2165 3566 2393 3631 vivum
2453 3576 2520 3631 et
2578 3586 2810 3637 sanum
2852 3570 2935 3636 ad

586 3666 845 3753 propria
884 3665 1172 3750 speciale
1214 3665 1451 3733 donum
1493 3668 1618 3733 Dei
1663 3677 1786 3733 est.

635 3861 835 3996 Finsit
881 3919 1251 4022 Evagatio
1301 3921 1394 3998 F.
1442 3922 1532 3999 1³³.
1582 3923 1675 3999 F.
1724 3923 1954 4026 prima
2000 3925 2099 4001 ad
2148 3927 2456 4003 Terram
2504 3922 2877 4004 Sanctam.
