3242 5259
1360 277 1483 342 241

232 464 585 527 manorum:
630 478 673 524 a
711 458 949 547 quibus
993 458 1382 523 charitative
1417 459 1663 526 fuimus
1725 465 1967 548 recepti
2042 470 2105 530 et
2170 459 2460 523 tractati:
2526 467 2593 523 et

237 569 567 653 propriam
633 565 867 629 cellam
930 564 1118 628 nobis
1166 564 1369 628 tribus
1429 553 1932 648 assignaremut
1954 608 1974 646 ,
2027 570 2097 625 et
2163 566 2253 627 ita
2303 582 2449 629 cum
2495 565 2595 628 eis

234 672 792 755 manducavimus,
836 671 1116 734 bibimus
1159 676 1224 733 et
1276 669 1698 736 dormivimus
1753 677 1821 732 et
1863 666 2006 732 Deo
2063 672 2309 752 pariter
2374 670 2593 733 servi-

236 781 475 844 vimus.
521 779 595 841 ln
637 776 752 840 illa
774 775 942 841 cella
983 783 1134 858 post
1176 776 1460 838 omnium
1501 772 1986 859 peregrinorum
2009 791 2339 838 recessum
2383 776 2595 839 mansi

229 884 466 950 ,multis
510 882 738 946 diebus
790 881 856 943 in
899 879 1070 974 bona
1111 896 1276 962 pace
1318 888 1383 944 et
1425 881 1669 963 optima
1733 878 2107 963 provisione
2159 877 2241 943 de
2278 880 2592 945 charitate

242 998 498 1074 patrum
538 997 606 1052 et
650 988 917 1052 fratrum
941 977 1275 1051 'minorum
1319 985 1558 1049 montis
1599 983 1808 1069 Syon.

309 1233 663 1314 Visitatio
712 1243 1128 1314 sanctorum
1175 1232 1501 1313 locorum
1550 1234 1818 1313 montis
1865 1233 2076 1336 Syon
2136 1241 2217 1311 et
2262 1254 2514 1311 eorum

1187 1353 1609 1459 descriptio.

406 1524 624 1589 'l'ertia
679 1523 934 1588 decima
996 1524 1137 1608 die,
1201 1543 1370 1610 quae
1432 1525 1554 1590 fuit
1619 1526 1938 1592 dominica
2000 1524 2060 1592 7.
2132 1532 2282 1608 post
2354 1522 2593 1585 festum
2644 1577 2649 1583 .

241 1630 578 1694 Trinitatis
624 1639 686 1693 et
726 1630 967 1694 festum
1009 1627 1082 1693 S.
1126 1630 1586 1714 Margarethae
1622 1632 1924 1715 virginis,
1962 1631 2140 1698 imisit
2183 1636 2368 1712 pater
2416 1626 2595 1692 Gar-

242 1734 478 1799 dianus
521 1736 775 1820 aliquos
825 1733 907 1797 de
949 1734 1257 1799 fratribus
1300 1738 1442 1801 suis
1487 1736 1570 1800 ad
1612 1736 1936 1821 hospitale
2005 1735 2076 1800 S.
2140 1734 2483 1816 Johanuis,
2526 1741 2593 1795 et

240 1841 505 1914 vocavit
533 1857 760 1903 omnes
809 1842 1190 1925 peregrinos
1223 1841 1308 1905 ad
1349 1843 1602 1906 Missae
1652 1841 1936 1914 officium
1977 1841 2049 1903 in
2078 1848 2366 1904 montem
2389 1838 2595 1924 Syon.

240 1945 328 2008 Et
364 1944 798 2009 ascenderunt
839 1963 1064 2009 omnes
1108 1963 1254 2010 cum
1299 1946 1431 2011 illis
1476 1947 1788 2011 fratribus
1850 1947 1920 2012 iu
1954 1944 2327 2026 ,ecclesiam
2386 1944 2595 2029 Syou3

242 2047 388 2134 (B)
426 2059 883 2135 exspectantes
951 2052 1020 2114 in
1064 2068 1143 2113 ea
1204 2061 1463 2136 tempus
1527 2054 1764 2117 summi
1834 2050 2037 2115 officii
2095 2059 2160 2114 et
2216 2052 2590 2114 Missamm.

242 2157 403 2219 Erat
453 2157 625 2220 enim
675 2155 888 2219 adbuc
944 2173 1133 2218 mane
1188 2167 1376 2221 ortus
1418 2157 1601 2242 solis,
1645 2158 1756 2243 qui
1801 2155 2086 2220 nondum
2124 2163 2309 2220 ortus
2363 2156 2596 2238 fuerat,

247 2260 506 2346 quando
548 2261 874 2346 peregrini
914 2259 1367 2326 ascenderunt.
1453 2262 1652 2326 Porro
1701 2264 1934 2325 fratres
1973 2265 2056 2326 ob
2112 2259 2599 2343 peregrinorum

244 2364 641 2430 dominorum
703 2369 1133 2430 reverentiam
1170 2367 1435 2430 chorum
1453 2412 1474 2449 ‚
1515 2367 1863 2430 ecclesiam
1922 2372 1987 2428 et
2042 2365 2275 2429 altaria
2330 2363 2599 2448 pulchre

246 2479 644 2536 ornaverunt
716 2480 782 2536 et
856 2473 1224 2534 vestierunt
1295 2472 1598 2553 pretiosis
1660 2470 1912 2555 parmis.
2004 2467 2386 2555 ·Nunquam
2462 2465 2629 2538 vidi.

245 2577 663 2659 pretiosiores
713 2594 964 2660 pannos
986 2620 1007 2659 ‚
1062 2575 1400 2639 mulierum
1461 2595 1660 2660 opere
1738 2576 1946 2639 factos
2008 2592 2154 2637 cum
2212 2574 2601 2660 imaginibus

245 2682 425 2744 vitae
468 2679 713 2746 Christi
758 2691 822 2745 et
866 2684 1111 2765 mortis,
1153 2700 1345 2766 quam
1387 2681 1495 2744 ibi.
1617 2679 1808 2746 Unde
1850 2675 2194 2743 sarraceni
2257 2682 2476 2764 magni
2536 2690 2604 2744 et

250 2785 446 2849 'l'urci
492 2794 557 2848 et
576 2783 926 2850 Mameluci
951 2804 993 2849 a
1022 2785 1372 2872 longinquo
1399 2786 1740 2850 venientes
1775 2793 2005 2868 petunt
2046 2785 2171 2848 sibi
2213 2803 2465 2869 pannos
2491 2797 2606 2851 aut

249 2891 525 2973 tapetias
567 2889 716 2954 illas
754 2893 1114 2956 monstrari.
1199 2892 1287 2955 Et
1329 2891 1587 2975 quando
1632 2889 1871 2954 domiui
1913 2889 2229 2973 praefecti
2291 2897 2358 2952 et
2414 2891 2599 2973 capi-

251 2996 423 3058 tanei
464 2997 752 3060 civitatis
808 2996 1175 3062 Jerusalem
1219 2995 1463 3060 habent
1505 2997 1745 3062 charos
1787 2996 2083 3080 hospites
2104 3041 2125 3078 ‚
2193 2995 2437 3059 ducunt
2477 3012 2595 3076 eos

250 3099 318 3161 in
353 3108 632 3164 montem
675 3100 886 3186 Syon,
935 3111 999 3165 et
1043 3108 1275 3186 rogant
1313 3101 1552 3165 fratres
1590 3101 1907 3187 suspendi
1947 3109 2012 3163 et
2044 3102 2303 3166 ostendi
2324 3121 2596 3186 pannos.

249 3205 391 3268 Hos
416 3224 669 3289 pannos
702 3206 836 3271 dux
855 3206 1270 3291 Burgundiae
1286 3206 1622 3290 Philippus
1645 3226 1759 3290 pro
1803 3207 1917 3270 illa
1953 3205 2236 3271 ecclesia
2257 3207 2416 3271 fecit
2436 3207 2604 3291 fieri,

253 3310 365 3393 qui
417 3310 617 3374 multa
659 3312 788 3377 alia
831 3316 999 3377 bona
1051 3312 1144 3375 illi
1187 3313 1540 3376 conventui
1601 3313 1890 3376 contulit.
1995 3311 2131 3376 Sed
2194 3320 2261 3375 et
2314 3311 2443 3376 alia
2486 3330 2605 3378 ec-

253 3413 495 3479 clesiae
536 3417 715 3481 illius
768 3425 1144 3482 ornamenta
1185 3425 1340 3480 sunt
1377 3416 1689 3499 pretiosa.
1784 3418 1990 3481 Atare
2032 3416 2240 3501 majus
2288 3417 2603 3502 repletum

252 3520 464 3584 stabat
500 3524 944 3587 monstrantiis
1000 3531 1066 3585 et
1135 3521 1518 3606 reliquiariis
1581 3520 1946 3605 deauratis,
2001 3532 2066 3585 et
2124 3522 2344 3585 tab‘ula
2407 3541 2606 3606 super

248 3623 456 3688 altare
518 3625 859 3713 deaurata,
922 3627 991 3691 iu
1033 3645 1163 3712 qua
1206 3624 1396 3708 juxta
1436 3634 1731 3689 sanctum
1777 3628 2202 3690 Franciscum
2274 3626 2602 3709 depictum

252 3737 389 3794 stat
428 3730 619 3796 etiam
662 3739 934 3797 sanctus
976 3738 1163 3816 pater
1218 3739 1440 3794 noster
1478 3730 1861 3795 Dominicus
1929 3729 2296 3794 notabiliter
2355 3734 2608 3814 pictura

255 3852 631 3919 expressus.
711 3838 1015 3901 Ecclesia
1056 3836 1169 3900 illa
1212 3854 1340 3899 non
1385 3841 1490 3897 est
1530 3852 1789 3919 magna,
1833 3837 1989 3921 quia
2029 3835 2237 3900 solum
2291 3843 2395 3899 est
2446 3853 2603 3921 pars

254 3940 578 4005 ecclesiae
596 3940 803 4025 Syon.
846 3940 1015 4006 Olim
1055 3943 1248 4024 enim,
1292 3938 1443 4003 dum
1481 3938 1694 4004 adhuc
1716 3938 2070 4008 Christiani
2111 3948 2417 4026 regerent
2462 3951 2609 4004 ter-

255 4062 392 4108 ram
433 4044 632 4128 illam,
672 4057 812 4111 erat
851 4047 1119 4134 grandis
1164 4047 1448 4111 ecclesia
1492 4047 1559 4108 in
1602 4045 1748 4109 loco
1792 4043 1904 4108 sslo
1928 4091 1949 4129 ‚
2007 4064 2202 4130 quam
2263 4044 2607 4112 Sarraceni

255 4148 725 4216 dextruxerunt
775 4170 986 4239 usque
1056 4152 1138 4217 ad
1189 4151 1481 4216 absidem
1523 4150 1633 4215 vel
1678 4150 2030 4234 capellam,
2074 4169 2243 4240 quae
2286 4154 2611 4217 ecclesiae

259 4264 325 4318 et
385 4255 582 4319 choro
640 4256 709 4319 in
774 4256 1041 4321 dextero
1112 4258 1313 4321 latere
1356 4263 1496 4318 erat
1561 4272 1838 4319 amiexa.
1940 4256 2027 4322 Et
2086 4257 2255 4323 baec
2296 4275 2452 4342 pars
2505 4266 2612 4322 est

256 4357 451 4426 hodie
511 4360 790 4426 ecclesia
857 4369 929 4425 et
998 4362 1233 4428 chorus
1302 4360 1588 4425 fratrum.
1688 4359 1948 4425 Ruinae
2000 4362 2250 4517 antitgui
2305 4363 2483 4430 chori
2540 4370 2610 4424 et

2124 4462 2151 4519 1
2220 4477 2233 4490 .
