3242 5259
1664 312 1794 381 m

547 518 626 565 se
665 498 874 565 induit
911 497 1151 580 sacris,
1196 503 1266 560 et
1302 513 1624 561 summum
1666 493 1958 565 officium
1998 495 2069 559 iu
2104 495 2302 560 choro
2344 495 2649 579 perfecit:
2712 494 2894 575 Puer

547 612 745 669 natus
804 610 912 669 est
979 611 1102 666 etc.
1168 619 1316 665 cum
1377 600 1719 685 spectabili
1768 599 2178 664 solennitate.
2280 600 2627 665 Habebaut
2667 609 2888 663 autem

547 708 802 773 stellam
846 724 1110 773 auream
1148 704 1460 788 grandem
1474 749 1497 787 ‚
1540 723 1734 789 quam
1776 705 1845 768 in
1887 705 2087 769 choro
2129 703 2388 770 detecto
2426 704 2892 769 submittebant

546 812 807 898 qnidam
843 813 913 876 in
955 809 1233 875 medium
1252 853 1273 891 ‚
1335 818 1406 873 et
1445 811 1706 874 stabant
1742 809 2023 892 juvenes
2061 809 2400 892 superius,
2462 819 2529 873 et
2568 809 2777 893 gloria
2816 812 2890 872 in

547 917 834 985 excelsis
859 918 1228 997 cantabant,
1266 924 1336 978 et
1366 914 1623 979 stellam
1660 916 1970 980 continue
2002 913 2083 977 ab
2107 915 2357 977 oriente
2386 915 2456 976 in
2483 913 2889 978 occidentem

550 1023 918 1087 movebant.
1031 1019 1148 1085 Sic
1163 1020 1178 1037 ”
1229 1020 1421 1083 etiam
1496 1022 1564 1083 in
1647 1018 1754 1084 die
1824 1019 2338 1084 circumcisionis
2399 1018 2594 1083 flebat
2650 1036 2892 1103 magna

549 1126 914 1190 solennitas
965 1125 1031 1186 in
1095 1123 1492 1188 Bethlehem.
1591 1124 1678 1185 Et
1737 1123 2037 1187 similiter
2093 1123 2162 1186 in
2224 1122 2330 1187 die
2388 1140 2611 1207 regum
2676 1126 2891 1187 omnis

552 1230 837 1314 populus
867 1228 958 1291 ibi
997 1228 1301 1293 convenit
1344 1245 1492 1291 cum
1515 1217 1676 1291 'suis
1718 1229 2110 1292 muneribus.
2201 1230 2278 1290 lu
2316 1229 2573 1292 octavis
2615 1228 2894 1311 epipha-

551 1337 706 1400 niae
747 1332 1157 1398 celebrabant
1200 1332 1438 1396 festum
1483 1333 1786 1414 baptismi
1831 1333 1900 1395 in
1946 1332 2227 1396 ecclesia
2263 1331 2333 1394 S.
2370 1331 2897 1413 JohannisBap·

558 1438 750 1503 tistae
805 1455 1006 1521 super
1046 1435 1396 1500 Jordauem
1415 1482 1434 1519 ,
1498 1445 1566 1500 et
1629 1436 1714 1500 ad
1776 1437 1904 1501 boc
1966 1446 2148 1503 totns
2204 1436 2483 1520 populus
2541 1443 2613 1498 et
2672 1432 2895 1499 clerus

557 1541 897 1609 deseendit
939 1539 1026 1605 ud
1048 1539 1426 1611 Jordauem.
1510 1544 1586 1605 Iu
1633 1540 1740 1604 die
1783 1541 2302 1605 annunciationis
2326 1547 2786 1613 ,convenerunt
2824 1539 2895 1602 in

557 1646 910 1710 Nazareth.
1000 1647 1076 1708 In
1113 1643 1220 1709 die
1249 1663 1646 1729 parasceves
1667 1654 1735 1709 et
1757 1647 2042 1729 paschae
2072 1647 2142 1711 in
2177 1644 2497 1711 dominico
2526 1642 2893 1727 sepulchro.

557 1749 632 1812 In
675 1747 783 1812 (lie
823 1766 1071 1814 coenae
1114 1750 1181 1813 iu
1227 1760 1446 1815 monte
1485 1750 1705 1833 Syon,
1764 1759 1830 1813 et
1874 1752 1946 1814 iu
1990 1730 2097 1813 die
2131 1756 2566 1833 pentecostes.
2651 1750 2727 1810 In
2789 1745 2899 1810 die

549 1851 971 1919 ,ascensionis
993 1850 1252 1917 Domini
1295 1855 1363 1918 in
1407 1861 1631 1918 monte
1652 1854 1916 1924 oliveti.
2001 1855 2077 1916 In
2121 1853 2229 1919 die
2266 1852 2686 1917 assumtionis
2706 1852 2899 1915 beate

556 1956 812 2019 Mariae
858 1954 1157 2036 Virginis
1197 1957 1266 2021 in
1302 1957 1480 2021 valle
1517 1957 1857 2041 Josaphat.
1962 1957 2049 2021 Et
2091 1966 2294 2022 totum
2340 1955 2621 2020 studium
2674 1954 2899 2037 populi

559 2058 712 2140 fuit,
755 2066 840 2122 ,ut
881 2075 1026 2122 cum
1072 2057 1311 2123 devota
1348 2060 1763 2124 solemnitate
1830 2058 2123 2125 divinum
2187 2060 2428 2123 cultum
2486 2067 2894 2151 peragerent.

479 2170 490 2179 ’
554 2163 875 2228 uniente
937 2171 1150 2226 autem
1190 2163 1325 2227 ista
1362 2164 1735 2229 sinceritate
1790 2174 1857 2227 et
1898 2163 2254 2229 devotione
2319 2163 2405 2227 ad
2458 2163 2607 2231 loca
2666 2171 2901 2227 saneta

558 2266 825 2330 stabant
876 2268 944 2329 in
999 2260 1234 2350 magno
1295 2267 1541 2333 honore
1617 2277 1686 2332 et
1747 2269 2019 2353 decore,
2062 2267 2277 2348 (180
2321 2270 2430 2351 A)
2494 2277 2560 2331 et
2616 2267 2900 2352 populus

562 2371 956 2435 christianus
1001 2372 1070 2434 in
1100 2389 1266 2454 pace
1305 2380 1372 2436 et
1413 2374 1655 2456 quiete.
1741 2372 1834 2438 0!
1880 2375 1940 2438 si
1981 2376 2131 2458 quis
2168 2383 2325 2439 tuuc
2363 2372 2641 2436 vidisset
2676 2371 2900 2435 eccle·-

562 2475 726 2551 siam
751 2475 1374 2541 Bethlehemitanam
1418 2494 1565 2541 cum
1610 2481 1755 2542 suls
1795 2478 2149 2562 ornatibus,
2191 2478 2419 2562 utique
2460 2476 2904 2560 obstupuisset

563 2595 605 2642 a
646 2578 985 2662 majestate
1027 2580 1193 2664 ejus.
2446 2630 2455 2639 .

728 2683 972 2749 Sextus
1011 2694 1226 2750 status
1266 2684 1392 2749 loci
1433 2686 1796 2753 nativitatis
1831 2685 2089 2751 Domini
2130 2685 2307 2750 fideli
2349 2684 2669 2750 catholice
2715 2702 2902 2746 moe-

564 2789 811 2855 stitiam
832 2789 1037 2853 affert.
1121 2789 1248 2853 Pro
1282 2789 1427 2873 ejus
1463 2788 1902 2854 declaratione
1933 2809 2156 2874 cogor,
2187 2791 2326 2855 'heu
2351 2790 2585 2853 fratres
2612 2789 2902 2869 humani,

565 2893 905 2956 commotis
969 2912 1127 2975 prae
1181 2892 1426 2958 dolore-
1443 2895 1831 2979 visceribus,
1879 2894 2098 2959 stilum
2140 2901 2402 2957 vertere
2414 2938 2434 2975 ‚
2477 2902 2545 2956 et
2588 2876 2902 2955 amaritu-

567 2994 737 3061 dinIs
799 2995 1068 3060 calicem
1123 2998 1314 3061 vobis
1372 2999 1712 3081 propinare
1775 2999 2159 3082 compellor,
2221 3017 2415 3082 quem
2458 2999 2605 3082 ipse
2649 3004 2901 3060 moesto

564 3101 830 3180 suscepi
871 3100 1088 3163 animo
1127 3099 1369 3165 doloris
1412 3103 1763 3166 acerbitate
1784 3101 2116 3185 repletum.
2198 3102 2394 3186 Nam,
2435 3102 2589 3166 dum
2616 3098 2903 3164 Christi-

563 3202 674 3264 ani
699 3201 840 3265 Deo
879 3204 948 3264 in
993 3211 1163 3266 terra
1204 3213 1434 3267 sancta
1473 3207 1815 3283 servirent,
1857 3207 1925 3268 in
1966 3223 2135 3289 pace
2175 3205 2322 3270 loca
2360 3216 2592 3273 sancta
2632 3202 2903 3289 poffld-

565 3306 782 3389 ebant,
818 3314 882 3369 et
922 3323 1150 3370 omnes
1188 3317 1423 3390 gentes
1461 3312 1524 3374 ei
1564 3309 1957 3374 serviebant.
2041 3308 2179 3373 Sed
2219 3309 2344 3374 Dei
2384 3311 2655 3377 servitio
2712 3317 2901 3392 post-

565 3418 820 3493 tet-gato
882 3413 1273 3477 contrarium
1342 3416 1581 3478 evenit.
1666 3414 1825 3478 Erat
1887 3423 2102 3479 autem
2178 3432 2349 3479 anno
2408 3414 2668 3479 Domini
2733 3412 2903 3478 1186

566 3524 856 3600 tempore
902 3515 1146 3581 Urbani
1188 3519 1361 3582 tertii
1421 3538 1633 3604 papae
1688 3537 1806 3582 rex
1844 3522 1913 3583 in
1951 3519 2318 3586 Jerusalem
2338 3564 2359 3602 ,
2407 3518 2620 3586 dietus
2662 3515 2901 3599 fluido,

565 3619 1002 3686 infortunatus
1054 3631 1123 3685 et
1164 3624 1540 3708 negligens,
1592 3632 1661 3688 et
1713 3626 1884 3688 inter
1925 3643 2071 3688 eum
2114 3633 2182 3687 et
2218 3624 2547 3708 principes
2606 3633 2749 3689 orta
2792 3630 2899 3685 est

567 3726 916 3793 eontentio,
936 3733 1004 3788 et
1042 3725 1298 3808 seditio,
1341 3729 1455 3813 ita,
1496 3728 1671 3813 quod
1714 3729 1969 3793 nobiles
2020 3739 2235 3793 terrae
2289 3738 2475 3792 erant
2514 3726 2900 3793 contentiosi

567 3834 637 3891 et
651 3827 878 3912 invidi,
900 3830 1276 3897 sacerdotes
1296 3852 1457 3898 vero
1491 3843 1559 3896 et
1582 3834 1802 3898 clerici
1833 3834 1988 3898 facti
2015 3834 2271 3897 fuerunt
2294 3835 2479 3897 avari
2519 3842 2584 3896 et
2612 3831 2900 3916 superbi,

568 3939 636 3994 et
677 3948 1054 3997 communes
1093 3937 1311 4020 populi
1367 3940 1845 4002 incontinentes
1898 3947 1964 4000 et
2027 3938 2194 4000 mali.
2277 3935 2684 4020 Quapropter
2736 3952 2900 3999 con-

567 4044 995 4099 surrexerunt
1046 4038 1366 4103 adversus
1408 4058 1526 4106 eos
1566 4040 1914 4106 Sarraceni
1959 4051 2023 4104 et
2066 4060 2279 4125 usque
2321 4040 2404 4105 ad
2442 4041 2900 4105 exterminium

569 4155 685 4202 eos
727 4143 1057 4221 persecuti
1095 4151 1267 4205 sunt.

730 4241 932 4307 Porro
988 4244 1055 4306 in
1100 4246 1393 4315 eeclesia
1429 4248 1987 4314 Bethlehemitana
2029 4251 2355 4313 commisit
2396 4246 2661 4334 quidam
2705 4242 2903 4310 chri-

568 4351 822 4419 stianus
883 4347 1143 4414 ssacinus
1159 4394 1180 4433 ,
1256 4369 1388 4435 quo
1438 4351 1613 4416 facto
1675 4350 1884 4419 omnis
1927 4349 2235 4417 fortitudo
2276 4361 2345 4417 et
2396 4352 2504 4417 vis
2552 4347 2903 4417 resistendi
