3242 5259
1522 297 1609 365 W

548 479 795 560 Quinta
843 479 954 545 die
993 479 1080 545 a'd
1118 482 1401 547 insulam
1442 478 1514 542 S.
1554 479 1852 544 Helenae
1907 484 2339 567 [mperatrieis
2380 481 2730 577 navigavi-

372 604 555 672 mus,
600 597 668 651 et
720 588 997 655 Missam
1041 588 1133 652 ibi
1175 588 1309 673 legi
1349 581 1692 651 Dominis.
1749 586 1907 653 Post
1968 590 2243 653 Missam
2285 591 2731 674 patefecerunt

377 696 577 761 uobis.
624 692 927 759 monachi
979 693 1269 757 tumbam
1313 691 1385 756 S.
1429 692 1761 775 Helenae,
1805 701 1871 755 et
1932 711 2169 777 corpus
2213 695 2357 778 ejus
2407 678 2729 779 integrum

374 800 660 881 viduans
704 817 852 867 cum
894 798 1042 861 aliis
1108 797 1329 863 multis
1372 792 1697 881 reliquiis,
1739 804 1805 859 et
1848 797 2249 864 deosculatis
2293 819 2371 863 ac
2413 798 2729 867 clenodiis

377 905 698 969 contactis
760 905 1047 988 reliquiis
1117 905 1185 966 iu
1242 902 1500 969 domum
1570 912 1861 968 nostram
1917 906 2167 983 reversi
2226 923 2470 970 sumus.
2568 908 2729 972 Post

380 1008 719 1094 prandium
774 1010 842 1071 in
897 1008 1159 1093 galeam
1223 1009 1619 1073 conductam
1667 1010 2161 1093 navigavimus»,
2224 1019 2292 1073 et
2351 1012 2729 1096 reperimus,

382 1114 556 1200 quod
613 1124 924 1198 patronus
965 1114 1048 1179 ad
1088 1125 1339 1199 partem
1368 1114 1742 1179 inferiorem
1780 1115 2152 1181 cumbarum
2192 1116 2557 1179 nost-arum
2589 1115 2729 1180 fieri

382 1221 540 1283 fecit
581 1238 878 1304 asseres,
919 1229 992 1284 ut
1035 1219 1352 1304 quosdam
1413 1214 1499 1283 in
1524 1221 1623 1287 eis
1666 1220 2012 1283 collocaret
2058 1220 2142 1283 ad
2199 1218 2404 1303 pedes
2447 1230 2727 1306 nostros,

379 1326 493 1391 ubi
552 1324 873 1389 debebant
933 1324 1086 1409 poni
1146 1302 1587 1388 calceamenta
1647 1333 1714 1388 et
1774 1323 2051 1388 urinalia
2104 1335 2353 1394 nostra.
2430 1324 2728 1389 Diximus

379 1439 598 1495 autem
638 1428 1018 1493 custodibus
1079 1428 1342 1512 galeas,
1399 1437 1472 1492 ut
1533 1438 1806 1512 patrono
1863 1428 2193 1513 dicerent,
2259 1428 2434 1513 quod
2489 1432 2616 1493 nisi
2657 1434 2726 1494 in

378 1536 735 1600 crastinum
794 1534 944 1597 illos
1020 1552 1280 1598 asseres
1354 1533 1742 1618 deponeret,
1820 1544 2081 1618 pactum
2147 1536 2388 1599 factum
2474 1537 2726 1599 irritare

379 1640 937 1724 vellemusrquia
985 1649 1162 1702 esset
1204 1647 1432 1703 contra
1466 1638 1831 1721 ‚articulum
1886 1658 2148 1703 nonum.
2235 1618 2356 1703 Ex*
2382 1641 2508 1706 hoc
2553 1640 2727 1705 facta

381 1754 485 1809 est
527 1745 851 1808 dissensio
904 1745 1073 1808 inter
1112 1746 1493 1828 peregrinos
1555 1753 1621 1808 et
1670 1754 2027 1828 patronum.
2112 1742 2470 1828 Oportebat
2507 1740 2764 1808 tamen'

382 1864 530 1913 eum
572 1867 738 1933 opus
805 1850 1046 1914 factum
1107 1847 1475 1933 destruere,
1532 1852 1594 1914 si
1635 1850 1900 1915 volebat
1958 1867 2080 1912 nos
2135 1867 2362 1913 secum
2424 1852 2723 1921 retinere.

381 1957 471 2021 Et
509 1957 601 2020 ita
642 1954 976 2037 dispositis
1018 1956 1285 2019 cumbis.
1310 1955 1393 2018 ad
1436 1956 1784 2039 hospitium
1827 1956 2073 2019 reversi
2116 1973 2361 2019 sumus.
2407 1954 2556 2039 (B)

549 2103 757 2167 Sexta
801 2103 906 2168 die
948 2106 1401 2189 navigavimus
1443 2107 1526 2170 ad
1578 2109 1882 2172 Sanctam
1920 2109 2210 2193 Luciam,
2254 2117 2321 2172 et
2360 2109 2451 2172 ibi
2488 2106 2723 2173 Officio

383 2209 600 2273 audito
644 2224 885 2293 corpus
930 2211 1223 2292 ejusdem
1263 2214 1572 2296 virginis,
1639 2212 1811 2296 quod
1854 2213 1942 2274 ibi
1994 2212 2346 2276 honorifice
2384 2214 2453 2276 in
2505 2213 2727 2277 tumba

384 2315 781 2379 reconditum
822 2314 1120 2395 habetur,
1164 2298 1479 2401 vidimus,
1525 2327 1592 2380 et
1634 2315 1996 2380 deosculati
2051 2333 2310 2401 sumus,
2354 2325 2421 2379 et
2476 2319 2726 2380 reversi

382 2439 609 2485 sumus
654 2420 738 2484 ad
781 2420 993 2483 locum
1042 2430 1355 2489 nostrum.
1440 2423 1685 2486 Eodem
1731 2421 1837 2485 die
1894 2419 1976 2482 ad
2021 2419 2228 2483 sorum
2286 2422 2725 2507 transivimus,

386 2535 454 2590 et
509 2529 724 2588 omnia
805 2527 1180 2588 necessaria
1256 2526 1341 2590 ad
1421 2525 1677 2609 galeam
1752 2545 1868 2609 pro
1957 2525 2372 2608 navigatione
2452 2526 2725 2611 eminus,

385 2629 722 2714 culcitras,
765 2628 1076 2713 lectulos,
1118 2630 1498 2713 cervicalia,
1562 2629 1963 2711 linteamina,
2002 2630 2424 2713 coopertoria,
2467 2638 2725 2713 mattas,

385 2733 728 2817 amphoras
745 2779 767 2819 ,
831 2745 896 2799 et
938 2743 1197 2798 caetera
1239 2754 1354 2818 pro
1418 2735 1825 2820 singulorum
1869 2734 2118 2796 cumba.
2191 2733 2348 2841 Ego
2391 2733 2724 2798 culcitram

384 2860 503 2924 pro
542 2859 644 2902 me
677 2839 852 2922 jussi
893 2858 1108 2903 emere
1153 2841 1462 2924 repletam
1504 2841 1658 2924 pilis
1700 2856 2071 2922 vaccarum,
2115 2847 2185 2900 et
2191 2810 2470 2901 ‘stratos
2499 2837 2726 2900 laneos

386 2945 470 3008 de
512 2944 704 3009 Ulma
743 2962 996 3007 mecum
1039 2943 1345 3027 tuleram,
1387 2954 1459 3009 ut
1502 2945 1601 3008 sic
1640 2942 1980 3007 dormirem
2037 2945 2105 3005 in
2165 2940 2391 3027 galea,
2448 2942 2615 3006 sicut
2657 2943 2725 3005 in

385 3050 571 3114 cella.
673 3045 1016 3132 Indignum
1071 3051 1240 3113 enim
1286 3048 1578 3134 judicavi
1655 3047 1929 3112 molliori
2001 3057 2210 3113 stratu
2265 3048 2361 3111 uti
2419 3050 2490 3112 in
2545 3049 2725 3133 navi,

386 3172 581 3240 quam
622 3155 690 3217 in
735 3152 922 3216 cella.

553 3305 846 3390 Septima
886 3304 1025 3389 die,
1068 3323 1239 3391 quae
1278 3294 1380 3370 e'st
1420 3306 1662 3373 festum
1709 3306 2151 3371 translationis
2217 3305 2289 3370 S.
2331 3306 2510 3371 Petri
2549 3325 2727 3371 mar-

385 3411 584 3495 tyris,
641 3411 1098 3493 navigavimus
1155 3421 1338 3475 extra
1377 3411 1699 3475 venetias
1743 3414 1814 3476 in
1852 3412 2217 3476 Murianam
2243 3451 2269 3493 ‚
2312 3421 2377 3475 et
2420 3410 2726 3477 Officium

385 3515 470 3579 ad
509 3515 1000 3580 Praedicatores
1041 3516 1112 3580 in
1155 3516 1437 3583 ecclesia
1479 3515 1549 3579 S.
1593 3515 1771 3580 Petri
1814 3517 2125 3599 martyris
2169 3515 2554 3580 audivimus.
2641 3516 2730 3581 Et

386 3622 535 3685 viso
573 3622 662 3685 ibi
706 3620 1052 3684 Conveutu
1095 3629 1164 3684 et
1204 3621 1511 3684 fratribus
1564 3621 2020 3702 navigavimus
2078 3618 2161 3682 ad
2221 3619 2563 3685 ecclesiam
2602 3639 2730 3703 pa·-

388 3726 768 3810 rochialom,
822 3728 933 3791 ubi
986 3726 1303 3809 plebanus
1365 3724 1650 3789 ostendit
1709 3724 1898 3787 nobis
1938 3723 2006 3785 iu
2072 3724 2292 3786 tumba
2352 3743 2483 3788 una
2524 3724 2729 3788 multa

390 3849 662 3914 corpora
694 3834 954 3916 integra
1006 3831 1093 3896 do
1154 3829 1418 3893 Sanctis
1460 3828 1955 3909 Innocentibus,
2032 3827 2269 3910 quibus
2330 3828 2728 3894 deosculatis

389 3938 809 4002 transivimus
852 3937 934 4000 ad
964 3937 1265 4001 fornaces
1298 3935 1725 4017 vitriatorum,
1761 3934 1831 3996 in
1853 3933 2088 4017 quibus
2128 3940 2268 3997 arte
2304 3934 2731 3998 subtilissima

390 4040 821 4105 instrumenta
871 4042 1083 4106 vitrea
1142 4024 1558 4109 multiformia
1598 4038 1800 4122 fluum
1862 4040 1933 4101 in
1977 4047 2110 4103 toto
2153 4057 2435 4124 namque
2489 4038 2727 4104 mundo

395 4163 524 4209 nou
564 4156 721 4211 sunt
763 4147 929 4210 tales
966 4147 1279 4212 vitrorum
1332 4144 1614 4208 artifices
1670 4145 1844 4206 sicut
1884 4145 1994 4207 ibi.
2080 4144 2362 4207 Faciunt
2423 4145 2595 4207 enim
2639 4144 2729 4206 ibi

396 4266 563 4313 vasa
618 4253 907 4335 pretiosa
958 4251 1356 4336 crynallina,
1400 4259 1473 4312 ot·
1507 4249 1637 4311 alia
1678 4249 1841 4312 mira
1897 4249 1988 4312 ibi
2043 4247 2363 4312 videntur.
2456 4244 2730 4329 Quibus,

398 4356 564 4420 visis
604 4358 870 4441 navigio
904 4355 1225 4422 venetias
1256 4354 1504 4419 reversi
1553 4370 1781 4417 sumus
1823 4355 1891 4431 in
1934 4363 2224 4419 nostrum
2273 4350 2642 4449 hospitium.

2280 4454 2317 4509 7
