3242 5259
1390 309 1518 379 185

269 511 489 578 onera,
533 491 644 557 vel
687 491 853 557 alias
895 489 1191 577 faciendo
1230 454 1559 557 animosa.
1590 491 1728 557 Alii
1768 510 1916 558 cum
1945 493 2241 569 omnibus
2279 492 2388 571 his
2431 509 2615 559 com-

272 602 606 664 municant
640 586 1029 680 assistendo,
1070 607 1224 660 tunc
1256 594 1407 679 illis,
1451 615 1623 660 nunc
1661 582 1827 663 istfs.
1873 598 2009 667 Alii
2049 597 2210 663 sede
2325 605 2392 661 et
2435 615 2616 667 mare
2756 674 2760 678 ,

271 723 353 771 ac
380 713 666 785 tunm,
720 721 913 786 quam
955 711 1334 786 transeunt,
1389 701 1845 787 considerant,
1904 713 1973 768 et
2033 721 2234 769 conse
2292 703 2484 786 bunt,
2547 712 2617 769 et

271 809 527 879 ibelles
565 807 936 891 conficiunt,
980 808 1154 893 quod
1194 808 1317 873 fuit
1358 826 1572 872 meum
1614 812 1945 893 negotium
1986 806 2404 899 cottidianum
2458 817 2614 895 post

274 916 482 985 dietas
523 912 720 980 boras
761 916 1130 978 canonicas.
1214 912 1492 977 Solliciti
1534 916 1707 978 euim
1749 933 1872 978 nec
1910 917 1979 978 in
2037 916 2194 979 nevi
2250 914 2615 979 existentes

276 1025 575 1097 otiantur.
660 1018 731 1082 N
729 1038 859 1089 sm
868 1020 1269 1102 Jeronymus
1330 1018 1423 1085 ad
1476 1019 1771 1086 Asellam
1825 1019 2158 1103 pulchram
2215 1017 2411 1082 valde
2453 1036 2672 1101 con-

275 1126 541 1215 scripsit
581 1123 920 1209 epistolem
963 1122 1047 1188 de
1089 1124 1261 1188 fletis
1322 1126 1551 1189 amicis
1617 1126 1684 1188 in
1741 1125 1928 1208 navi,
1973 1141 2275 1191 remeans
2326 1142 2368 1185 a
2406 1122 2619 1201 Roma

272 1230 771 1314 «lerosolymam.
812 1230 935 1293 Est
975 1229 1255 1315 denique
1293 1229 1462 1294 inter
1502 1248 1732 1295 omnes
1773 1232 2238 1313 occupatIones
2281 1218 2619 1311 niviganr

180 1382 183 1385 ι
272 1337 435 1405 tium
474 1353 609 1401 una
642 1334 796 1399 vilis
836 1334 1117 1419 quidem,
1160 1335 1283 1398 sed
1324 1334 1666 1399 admodum
1708 1335 2069 1400 communis
2129 1343 2197 1398 et
2240 1335 2617 1401 necessaria

274 1451 347 1507 et
385 1439 739 1507 cottidiana
756 1482 777 1522 ,
834 1458 1004 1523 quae
1058 1448 1164 1503 est
1225 1441 1539 1505 vermium
1597 1439 1708 1506 vel
1783 1440 2223 1529 pediculorum
2294 1412 2612 1505 insecutio

275 1550 427 1611 sive
458 1546 693 1628 captio.
778 1542 930 1608 Nisi
973 1547 1145 1610 enim
1185 1544 1376 1610 homo
1417 1545 1669 1631 aliquas
1709 1546 1905 1610 horas
1963 1546 2050 1610 ad
2111 1545 2285 1608 hunc
2354 1542 2621 1626 deputat

276 1651 565 1717 ltbmm
604 1650 674 1713 in
715 1650 1238 1733 peregrinatione
1278 1652 1590 1733 existens,
1610 1651 1962 1739 inquietam
1983 1650 2245 1735 babebit
2286 1638 2619 1717 dormitio-

280 1776 453 1823 nem.
495 1757 574 1819 In
598 1756 738 1818 vita
765 1754 1260 1839 Philosphorum
1302 1754 1538 1838 legitur
1578 1754 1975 1821 de-Homero
2017 1753 2420 1841 philosopho,
2444 1751 2622 1841 quod

280 1861 389 1929 die
429 1860 709 1946 quadam
749 1860 1150 1943 spatiabatur
1189 1862 1258 1925 in
1301 1861 1488 1926 litore
1530 1863 1748 1945 maris,
1791 1862 1876 1926 ad
1916 1860 2090 1946 qnod
2153 1859 2344 1923 navis
2409 1875 2620 1942 quse-

282 1965 431 2033 dam
471 1964 752 2049 appulit,
793 1967 864 2028 in
906 1984 1039 2050 qua
1089 1967 1384 2031 homines
1422 1966 1767 2052 sederunt,
1823 1965 2159 2052 pediculos
2227 1972 2621 2046 quaerentes

280 2081 353 2135 et
368 2070 655 2139 ridentes
676 2089 697 2153 3
717 2088 761 2134 a
779 2070 1014 2155 quibus
1048 2070 1200 2136 dum
1230 2071 1655 2157 philosophus
1682 2090 1947 2145 causam
1967 2073 2138 2135 risus
2161 2069 2621 2154 quaesivisset,

279 2174 613 2260 respondit
653 2178 716 2238 el
736 2193 945 2240 unns:
989 2176 1073 2240 de
1098 2178 1243 2261 hoc,
1269 2179 1504 2262 inquit,
1545 2177 1852 2263 ridemus,
1892 2177 2046 2263 quia
2082 2180 2399 2260 quotquot
2438 2172 2625 2256 cepi-

279 2300 451 2363 mus,
492 2298 624 2345 non
671 2280 1006 2367 babemus,
1046 2290 1112 2347 et
1154 2301 1321 2367 quos
1362 2301 1494 2348 non
1536 2286 1854 2367 cepimus,
1881 2283 2249 2346 retinemus.
2294 2279 2624 2341 Homerus

280 2396 501 2457 autem
539 2384 772 2449 direxit
789 2387 1142 2469 cogitatum
1164 2388 1248 2451 ad
1281 2397 1612 2473 capturam
1653 2390 1948 2472 piscium,
1979 2394 2047 2448 et
2079 2403 2208 2449 non
2233 2382 2441 2467 potuit
2469 2399 2626 2465 pro-

281 2492 545 2576 pleuma
571 2491 964 2576 [problema]
981 2493 1361 2577 intelligere.
1412 2493 1601 2559 Unde
1622 2513 1708 2557 ex
1746 2493 1871 2557 boc
1886 2492 2217 2567 intantum
2239 2487 2628 2552 amaricatus

283 2597 443 2681 fuit,
472 2596 644 2681 quod
677 2596 745 2660 in
780 2600 1099 2672 insaniam
1118 2615 1354 2663 versus
1378 2616 1455 2662 se
1479 2600 1691 2682 ipsum
1717 2594 2070 2681 suspendio
2098 2596 2396 2679 peremit.
2439 2594 2628 2657 Haec

284 2712 517 2767 autem*
549 2702 771 2767 omnic
801 2702 963 2769 flunt
1005 2702 1156 2786 plus
1198 2712 1268 2767 et
1304 2704 1521 2767 minus
1563 2702 1896 2768 secundus
1929 2699 2413 2787 dispositionem
2457 2707 2628 2763 tem-

284 2824 539 2891 porum.
642 2807 980 2871 Mutantur
1041 2809 1214 2872 enim
1276 2808 1673 2875 sensibiliter
1727 2806 2110 2871 affectiones
2173 2802 2500 2869 bominum
2559 2800 2628 2863 in

288 2914 456 2977 mari
473 2958 495 2995 ,
550 2911 909 2977 secundum
960 2913 1272 2979 influxum
1331 2912 1712 2977 coelestium
1754 2930 2092 2997 corporum
2115 2954 2135 2991 ,
2179 2916 2244 2970 et
2285 2908 2457 2969 aeris
2497 2907 2628 2968 im-

286 3020 689 3101 pressione&
746 3026 813 3080 et
876 3025 1118 3082 motum
1174 3020 1374 3083 maris
1436 3017 1716 3101 amplius
1779 3034 1974 3101 quam
2054 3016 2126 3077 in
2184 3022 2360 3076 terra
2421 3009 2624 3073 firma.

292 3121 448 3186 Vidi
487 3139 690 3206 saepe
731 3120 921 3204 diem,
961 3122 1032 3184 iu
1075 3139 1207 3206 qua
1244 3141 1473 3189 omues
1506 3122 1800 3207 jocundi,
1838 3121 2080 3186 hilares
2136 3126 2204 3182 et
2256 3117 2410 3183 boni
2467 3114 2631 3178 socii

290 3244 575 3312 eramus,
618 3243 810 3290 nemo
854 3224 1228 3310 dormiebat,
1272 3246 1499 3294 omnes
1539 3227 1929 3313 gandebant.
2010 3224 2070 3287 Ε
2109 3223 2452 3305 contrario,
2492 3218 2632 3283 vidi

288 3330 483 3416 diem,
503 3332 573 3395 in
604 3349 739 3415 qua
777 3338 1024 3395 tantum
1067 3329 1414 3418 silentium,
1457 3342 1639 3397 tante
1681 3334 1868 3416 quies
1910 3338 2070 3413 erat,
2113 3337 2188 3392 ut
2212 3323 2400 3411 quasi
2443 3342 2633 3389 nemo

289 3434 641 3521 audiretur,
679 3438 748 3499 in
786 3455 917 3522 qua
936 3453 1162 3501 omnes
1193 3439 1642 3526 dormitabant,
1686 3447 1755 3500 et
1795 3439 2017 3501 tristes
2037 3432 2373 3500 sedebant.
2417 3429 2635 3512 Saepe

289 3550 475 3606 tauta
513 3559 679 3626 pace
721 3550 786 3605 et
827 3539 1172 3607 concordia
1191 3540 1574 3624 conjunctos
1600 3545 1981 3628 peregrinos
2020 3538 2179 3621 vidi,
2199 3554 2278 3599 ac
2306 3536 2366 3599 si
2408 3551 2638 3598 omnes

290 3645 578 3711 fuissent
617 3646 810 3710 unius
860 3638 1087 3711 matri's
1138 3645 1400 3711 fratres.
1503 3643 1641 3708 Sed
1705 3645 2093 3729 quaudoque
2149 3649 2244 3719 tot
2301 3636 2509 3720 litigia
2569 3646 2638 3699 et

290 3750 743 3817 contentiones
799 3750 936 3815 vidi
989 3752 1139 3815 oriri
1190 3769 1276 3812 ex
1332 3750 1612 3829 minimis
1667 3753 1934 3815 causis
1901 3794 1922 3833 ,
1985 3724 2208 3831 -φιὸἒῦ
2249 3728 2450 3843 ntea
2497 3749 2639 3805 erat

294 3857 484 3939 quad
524 3854 819 3923 infernus
861 3862 1123 3941 propter
1163 3852 1652 3918 maledictiones
1700 3863 1767 3918 et
1826 3840 2340 3936 blasphemias.-
2392 3847 2640 3910 Notavi

292 3959 659 4055 mame,
701 3958 875 4044 qnod
914 3967 1128 4024 motus
1181 3960 1464 4025 omnium
1503 3961 1880 4041 passionum
1918 3954 2366 4051 vehementior
2404 3961 2508 4015 est
2573 3950 2639 4013 in

294 4079 466 4147 aqua
501 4081 696 4148 quam
735 4073 940 4129 extra.
1025 4062 1142 4127 Sic
1182 4076 1339 4147 ergo
1381 4061 1708 4129 deducunt
1771 4064 1968 4127 horas
2027 4060 2282 4126 dierum
2333 4057 2424 4120 in·
2467 4055 2637 4119 navi.

294 4166 570 4334 Βέιηοι
610 4168 851 4234 defecit
892 4168 1048 4234 mihi
1090 4167 1233 4232 dies
1274 4176 1425 4233 ante
1468 4186 1738 4251 operum
1778 4187 2064 4241 meorum
2118 4160 2634 4253 completionem.

300 4271 336 4353 (
398 4271 460 4337 ²
479 4270 611 4357 A).
