3242 5259
1481 354 1570 423 87

365 548 744 631 peregrinos
787 543 868 609 ‘h
889 545 1104 612 fama
1123 551 1208 616 Q·
1247 543 1540 606 honoret.
1567 551 1633 606 et
1688 539 1953 636 quifflgat
2013 541 2366 610 conabatur
2398 535 2694 612 [alterum

363 653 640 718 reddere
677 641 1042 736 peregrinis
1082 648 1376 713 odiosum
1416 655 1485 709 et
1523 647 2004 731 submittebant,
2046 648 2157 730 qui
2178 648 2362 722 ‚haee
2402 660 2691 736 agerent.

366 747 564 848 tin-ip
603 778 705 824 ·ex
762 760 889 822 hoe
930 757 1125 819 etiam
1183 756 1311 819 hoc
1363 751 1603 816 malum
1674 754 1995 838 pullulare
2062 755 2264 840 cepit,
2352 758 2541 843 quo&
2564 758 2695 842 ῂιί

363 865 689 946 1)εέψί
729 872 1141 945 utrorumque
1179 870 1591 946 patronorum
1633 865 1824 946 quasi
1848 871 2032 925 eraut
2068 862 2284 946 divisi,
2325 870 2393 925 et
2432 859 2699 946 quilibet

361 968 626 1044 &labar
674 989 791 1053 pro
849 967 1103 1035 domnio
1146 977 1414 1050 patrono
1457 984 1601 1037 suo.
1712 966 1988 1032 Stabant
2054 987 2209 1060 ergo
2251 968 2510 1032 Domini
2569 970 2699 1060 rupi

361 1076 702 1160 suspensi,
765 1076 1166 1157 nescientes,
1223 1076 1329 1137 cul
1390 1081 1661 1157 patrono
1724 1084 1902 1139 esset
1964 1076 2175 1158 magis
2231 1072 2700 1162 confidendum,

360 1169 512 1244 cufi
576 1181 660 1244 de
722 1190 1000 1266 utroque
1056 1178 1354 1243 audirent
1429 1178 1714 1250 diversa.
1816 1181 1962 1264 Ego
2037 1179 2299 1264 quidem
2361 1177 2703 1242 laudabam

361 1273 690 1351 dominum
776 1287 1219 1368 Augustinum
1289 1282 1658 1368 couterini,
1728 1287 1950 1350 sciens
2021 1301 2170 1350 eum
2254 1301 2411 1350 esse
2490 1283 2702 1348 virum

358 1400 679 1456 maturum
721 1400 790 1455 et
830 1390 1085 1455 fidelem
1104 1435 1124 1471 ‚
1176 1392 1331 1473 quia
1379 1406 1527 1454 cum
1571 1409 1652 1454 eo
1693 1391 1763 1454 iu
1818 1391 1945 1455 alia
1996 1377 2515 1476 pere'griu'atione
2556 1405 2704 1454 mea

358 1491 951 1561 transfretaveram.
1000 1496 1131 1559 Alii
1160 1515 1306 1559 eum
1342 1497 1554 1579 magis
1597 1498 1966 1600 Yituperant
2008 1505 2074 1558 et
2104 1496 2299 1560 alium
2330 1495 2717 1559 laudabant-¹

359 1600 447 1663 Et
488 1602 579 1663 ita
619 1619 737 1683 pro
780 1600 949 1663 bono
989 1601 1174 1683 pacis
1218 1600 1301 1662 de
1342 1602 1468 1664 hae
1510 1621 1581 1664 re
1623 1617 1729 1664 me
1772 1621 1900 1665 non
1956 1603 2309 1684 intromisi,
2368 1609 2441 1664 et
2474 1600 2701 1668 ambos

363 1703 570 1768 bonos
623 1704 1016 1804 naucleros
1022 1723 1175 1767 esse
1236 1705 1406 1788 dixi,
1466 1706 1809 1770 dummodo
1863 1725 1985 1769 nos
2027 1705 2115 1769 ad
2167 1715 2394 1789 portus
2445 1711 2702 1788 optatos

360 1809 555 1872 citius
599 1808 940 1875 ducerent.
984 1810 1252 1893 addens,
1292 1809 1462 1894 quod
1502 1814 1568 1874 si
1606 1829 1731 1896 ego
1773 1814 2027 1896 scirem,
2063 1813 2212 1895 quis
2254 1829 2473 1880 eorum
2510 1811 2701 1873 citius

362 1893 824 1999 e'vexpeditius
845 1936 920 1980 se
939 1917 1141 1982 vellet
1173 1915 1254 1979 ad
1296 1916 1731 1999 navigandum
1766 1926 2008 2001 aptare,
2031 1935 2150 1999 pro
2167 1917 2344 1980 illius
2364 1925 2549 2002 parte
2576 1933 2701 1998 ego

358 2021 594 2084 vellem
610 2023 968 2104 peregrinis
992 2021 1355 2091 consulere.
1398 2022 1608 2086 Ambo
1623 2031 1835 2088 tamen
1849 2015 2302 2130 promittebant
2318 2022 2700 2106 quantocius

357 2127 834 2210 navigationem
848 2127 1346 2210 inchoare,quod
1364 2137 1577 2191 tamen
1593 2147 1708 2211 pro
1725 2138 1901 2192 certo
1918 2130 2087 2192 scivi
2110 2147 2262 2191 esse
2246 2123 2699 2204 mendacium·

471 2299 488 2314 ,
522 2233 858 2296 vicesima
917 2251 1090 2295 nona
1161 2232 1303 2316 die,
1370 2252 1539 2316 quae
1594 2242 1659 2296 et
1704 2234 1956 2297 festum
2015 2232 2113 2296 St.
2155 2233 2335 2320 Petri
2377 2217 2727 2315 martyris,'

359 2335 624 2402 Ordinis
663 2337 1208 2418 Praedicatorum‚
1255 2336 1411 2408 duxi
1451 2338 1769 2402 Dominos
1844 2337 2026 2401 meos
2090 2337 2175 2400 ad
2226 2335 2541 2416 sanentur
2576 2334 2705 2397 Jo-

358 2445 638 2507 hannem
656 2452 746 2506 τι
785 2442 1079 2522 Paolum,
1103 2441 1214 2503 ubi
1257 2451 1357 2504 est
1378 2451 1745 2505 conventus
1772 2443 2050 2526 magnus
2085 2450 2151 2504 et
2190 2421 2705 2508 solemnissimus

364 2549 637 2612 fratrum
689 2545 1245 2625 praedicatorum,
1302 2545 1368 2607 et:
1407 2545 1497 2609 ibi
1540 2541 1776 2610 Officio
1825 2547 2239 2611 interfuimus
2298 2546 2470 2630 quod
2492 2543 2707 2610 .valde

362 2652 743 2716 solemniter
770 2648 1236 2731 celebrabatur,
1267 2656 1350 2710 ’et
1390 2652 1709 2713 maximus
1749 2653 1966 2735 populi
2029 2669 2386 2720 concursus
2448 2660 2553 2716 ost
2604 2650 2709 2713 dic

360 2757 476 2819 illa
515 2744 603 2817 ad
644 2753 988 2817 eeclesiam
1029 2754 1318 2837 fratrum,
1355 2755 1509 2837 quia
1539 2755 1630 2817 ibi
1671 2766 1773 2821 est
1815 2756 2164 2819 constituta
2218 2755 2360 2818 dies
2401 2753 2711 2819 solemnis
2784 2821 2803 2850 ε

365 2861 436 2924 ἰιι
486 2857 838 2923 condensis
879 2875 1091 2943 usque
1149 2861 1232 2924 ad
1270 2878 1473 2923 cornu
1514 2857 1737 2922 altaris
1778 2861 1888 2924 illo
1955 2859 2078 2923 die.
2156 2860 2242 2923 Et
2297 2858 2572 2944 populus
2629 2857 2711 2922 de
2818 2857 2853 2942 ‚²

362 2973 504 3030 tota
528 2961 797 3032 civitate
827 2966 1104 3028 accurrit
1131 2965 1219 3048 ad
1251 2964 1637 3029 audiendum
1660 2963 1984 3049 Officium,
2010 2974 2075 3028 et
2096 2965 2178 3029 ad
2207 2963 2711 3030 deosculandum

369 3071 680 3154 reliquias
740 3072 950 3134 sancti
1004 3061 1310 3156 martyris
1368 3081 1433 3136 et
1497 3073 1582 3135 ad
1653 3070 1999 3136 bibendum
2053 3075 2285 3156 aquam
2359 3072 2456 3136 St.
2512 3072 2711 3155 Petri,

366 3193 535 3261 qnae
576 3177 950 3239 inv-nomine
990 3176 1097 3242 dei
1136 3157 1478 3242 benedicta
1506 3188 1572 3241 et
1610 3178 1823 3242 sancti
1865 3178 2170 3261 martyris
2213 3163 2504 3263 reliquiis
2537 3185 2714 3241 tacta

365 3281 648 3345 ereditur
691 3281 988 3345 conferre
1051 3281 1139 3344 ad
1209 3284 1487 3348 salutem
1549 3286 1804 3349 animae
1855 3293 1920 3346 et
1979 3284 2286 3365 eorporis.
2390 3281 2581 3348 Unde
2642 3279 2714 3345 in

365 3386 695 3469 plenisque
739 3387 958 3451 muudi
997 3388 1287 3470 partibus
1331 3390 1649 3472 recipiunt
1684 3387 1977 3453 homiues
2000 3388 2229 3452 fideles
2266 3390 2712 3471 hane-aquam

360 3491 431 3554 S:
476 3492 675 3573 Petri,
717 3501 782 3554 et
799 3493 1331 3576 ,periclitantibus
1373 3494 1750 3560 mulieribus
1788 3497 1858 3558 in
1896 3505 2082 3577 partu
2140 3493 2321 3560 dant·
2340 3492 2425 3557 ad
2481 3493 2715 3555 biben-

361 3595 537 3679 dum,
580 3606 649 3661 et
688 3591 1043 3682 periculum
1086 3599 1411 3681 evadunt,
1394 3620 1411 3636 ·
1437 3599 1624 3663 datur
1652 3603 1845 3663 etiam
1881 3600 2415 3680 febricitantibus,
2436 3606 2509 3661 ut
2544 3595 2717 3660 libe-

365 3710 604 3766 rentur.
687 3702 1025 3766 Marinarii
1066 3704 1257 3767 etiam
1300 3722 1444 3769 eam
1486 3704 1568 3769 ad
1609 3723 1821 3770 naves
1832 3711 2115 3800 portant
2154 3712 2233 3770 et.
2275 3687 2595 3768 modicum
2634 3699 2718 3764 de

361 3823 447 3870 ea
482 3806 566 3869 ad
596 3823 782 3891 vasa,
805 3806 873 3869 in
896 3807 1128 3889 quibus
1153 3824 1364 3892 aquae
1390 3817 1563 3892 sunt,
1594 3781 1891 3908 Γιιιιιᾏιιὶἷῐ,
1917 3808 2103 3891 cujus
2119 3811 2362 3882 virtute
2404 3826 2572 3894 aqua
2590 3807 2719 3870 alia

365 3919 815 3995 conservatur,
861 3930 948 3973 ue
990 3910 1230 3975 foetida
1270 3911 1616 3977 efficiatur-
1660 3922 1728 3978 et
1803 3903 2392 3998 quatumcumque
2454 3913 2721 3994 antiqua

360 4016 452 4080 sit
495 4023 701 4100 equa,
742 4034 872 4079 non
911 4018 1259 4102 putrescit,
1315 4037 1441 4084 nec
1505 4015 1752 4084 foetida
1802 4019 1895 4105 nt,
1922 4019 2077 4088 dum
2126 4019 2217 4108 5¹0
2249 4020 2361 4084 illa
2398 4018 2720 4083 modicum

364 4125 470 4184 &st
505 4121 1012 4204 superinfusam.
1090 4125 1238 4188 Hoc
1279 4143 1396 4207 per
1438 4125 1901 4208 experientiam
1945 4125 2355 4196 cottidianam
2398 4123 2719 4190 marinarii

363 4224 624 4290 &eunt
673 4226 772 4288 ita
825 4239 995 4294 esse.
1097 4229 1342 4295 Audito
1416 4250 1572 4315 ergo
1611 4231 1859 4296 Officio
1914 4241 1979 4296 et
2043 4230 2436 4298 deosculatis
2495 4227 2720 4291 Sancti

362 4330 676 4414 reliquiis,
716 4338 784 4393 et
821 4341 978 4415 potu
1022 4335 1269 4399 salubri
1329 4347 1589 4419 gustato
1652 4338 1949 4421 regressi
2008 4353 2241 4402 sumus
2289 4336 2372 4399 ad
2427 4341 2721 4396 nostrum

361 4435 712 4519 hospitium
749 4435 832 4499 ad
873 4435 1311 4505 refectionem.
1396 4442 1557 4506 Post
1598 4442 1949 4527 prandium
1991 4441 2254 4504 barcam
2312 4433 2724 4503 ascendimus

22 5199 664 5239 ³-Q2ss··q..
825 5199 884 5236 3¹¹
1087 5223 1178 5238 -,-
1399 5203 1412 5210 ’
1680 5203 2093 5238 --.„-ae-⁷'⁴
2314 5209 2411 5224 ······
2490 5201 2759 5238 -·---“““““ἱι
