3242 5259
463 481 581 543 tibi
645 475 848 546 offero
907 481 976 542 in
1040 479 1429 546 sacrificium
1502 481 1981 547 immanium
2057 501 2175 566 pro
2252 484 2468 550 salute
2540 487 2802 574 humani

460 586 730 668 generis
783 587 852 646 iu
898 584 1340 649 remissionem
1405 595 1840 671 peccatorum.
1928 588 2019 650 Et
2057 587 2164 651 his
2209 588 2401 654 dictis
2444 593 2525 655 ad
2571 612 2801 658 manus

457 708 538 753 se
580 688 1096 772 crucifigentium
1165 691 1365 755 libere
1408 691 1618 776 dedit,
1684 693 1796 776 qui
1861 711 2009 755 eum
2054 710 2255 776 super
2296 713 2555 761 crucem
2597 698 2801 782 proji-

459 797 709 858 cientes
751 793 1100 860 crudeliter
1148 798 1595 862 extenderunt.
1681 795 1872 875 Quod
1916 814 2192 861 cernens
2232 809 2442 865 mater
2489 806 2800 868 moestis-

457 901 624 963 sima
664 901 980 984 accurrit,
1054 910 1120 963 et
1182 902 1399 966 velum
1457 903 1541 966 ad
1598 903 1949 986 tegendum
2020 902 2137 966 filii
2180 904 2483 988 pudenda
2545 909 2797 993 obtulit,

457 1022 586 1087 quo
627 1015 695 1069 et
734 1014 947 1068 tectus
989 1005 1127 1068 fuit.
1170 1006 1344 1071 Nam
1378 1007 1581 1093 locus,
1610 1009 1679 1070 in
1721 1028 1848 1093 quo
1892 1010 2088 1072 beata
2112 1009 2318 1094 Virgo
2357 1018 2425 1074 et
2458 1012 2797 1078 Johannes

456 1113 578 1173 suh
633 1129 829 1174 cruce
891 1117 1245 1195 steterunt,
1309 1131 1512 1196 prope
1572 1114 1747 1177 hunc
1789 1112 1999 1176 locum
2045 1123 2179 1196 est,
2253 1117 2552 1198 quamvis
2614 1128 2796 1181 extra

456 1215 766 1298 templum
803 1218 1169 1299 ingressum
1213 1217 1472 1302 habeat,
1499 1226 1573 1282 ut
1617 1236 1740 1283 suo
1785 1218 1931 1281 loco
1975 1219 2240 1299 patebit.
2285 1221 2392 1284 Ex
2431 1239 2559 1304 quo
2602 1224 2793 1288 etiam

455 1329 902 1403 argumentum
946 1322 1165 1404 capio,
1233 1324 1405 1407 quod
1449 1323 1759 1388 Christus
1823 1324 2015 1387 fuerit
2085 1324 2358 1388 inferius
2424 1326 2794 1410 crucifixus,

454 1435 522 1489 et
563 1445 712 1490 cum
750 1442 946 1489 cruce
986 1443 1184 1508 supra
1228 1447 1453 1511 rupem
1501 1429 1797 1492 elevatus
1855 1446 2002 1492 cum
2066 1428 2435 1494 clamorosa
2472 1431 2794 1497 derisione

458 1530 875 1594 Judaeorum.

624 1635 784 1698 Post
825 1635 952 1698 loci
997 1636 1172 1700 illius
1218 1636 1797 1721 deosculationem,
1861 1640 1928 1702 in
1975 1656 2103 1722 quo
2151 1636 2486 1703 Christum
2530 1641 2792 1703 crucifi-

352 1817 365 1828 ·
455 1760 611 1805 xum
652 1742 1063 1824 suspicabar,
1126 1744 1568 1824 processimus
1626 1753 1852 1807 contra
1915 1743 2149 1828 altare,
2217 1743 2391 1827 quod
2435 1743 2516 1807 ad
2568 1765 2792 1828 rupem

457 1845 810 1910 Calvariae
853 1857 954 1911 est
1018 1846 1467 1931 aedificatum,
1529 1849 1594 1911 in
1639 1850 1824 1912 euius
1858 1847 2083 1911 dextro
2151 1847 2352 1910 latere
2405 1850 2686 1914 vidimus
2726 1852 2793 1915 iu

455 1971 614 2035 rupe
675 1954 1064 2036 scissuram,
1123 1957 1290 2036 quae
1353 1969 1394 2013 a
1436 1970 1689 2016 summo
1748 1951 2084 2017 descendit
2138 1970 2348 2036 usque
2409 1955 2475 2016 in
2535 1962 2789 2018 terram.

453 2060 528 2121 In
572 2057 799 2121 eodem
842 2057 985 2120 loco
1035 2064 1329 2120 mortuus
1372 2066 1474 2119 est
1517 2067 1582 2119 et
1623 2058 1925 2140 sepultus
1969 2056 2216 2139 Adam,
2264 2058 2508 2139 primus
2551 2077 2790 2141 parens

454 2169 699 2245 noster,
739 2170 811 2224 ut
854 2160 1036 2224 multi
1080 2161 1320 2230 dicunt.
1373 2160 1522 2224 Nec
1544 2163 1779 2244 obstat,
1808 2160 1979 2245 quod
2022 2162 2259 2224 dicitur
2283 2162 2536 2226 Josuae
2555 2160 2789 2247 xml„

449 2265 624 2349 quod
669 2264 880 2330 Adam
944 2267 1031 2330 sit
1073 2267 1143 2329 in
1185 2268 1407 2329 Ebron
1477 2269 1647 2330 inter
1700 2266 1974 2329 Enakim
2039 2265 2369 2350 sepultus,
2435 2268 2476 2328 i.
2521 2286 2578 2329 e.
2622 2270 2792 2332 inter

450 2374 774 2456 gigantes.
884 2367 1057 2447 Quia
1134 2370 1366 2434 dicitur
1425 2374 1493 2434 in
1549 2373 2000 2456 supplemento
2046 2370 2506 2435 chronicorum
2527 2414 2548 2454 ,
2615 2373 2790 2456 qnod

450 2476 663 2540 Adam
707 2483 997 2539 mortuus
1038 2484 1104 2538 et
1148 2476 1442 2559 sepultus
1484 2477 1676 2540 fuerit
1720 2481 1787 2538 in
1821 2485 2042 2540 monte
2065 2473 2430 2558 calvariae,
2458 2484 2523 2538 et
2562 2486 2792 2559 postea

451 2600 689 2665 eorpus
731 2581 876 2663 ejus
931 2579 1147 2644 demto
1228 2583 1441 2664 capite
1532 2581 1913 2644 translatum
1968 2582 2057 2645 sit
2096 2582 2163 2644 in
2205 2581 2423 2643 Ebrou
2442 2627 2461 2664 ,
2509 2583 2574 2644 in
2631 2601 2791 2666 spe-

451 2687 706 2750 luncam
750 2685 1088 2769 duplicem.
1178 2684 1392 2768 Caput
1433 2706 1590 2750 vero
1638 2686 1823 2749 Adae
1865 2695 2189 2770 repertum
2232 2695 2341 2749 est
2381 2695 2533 2768 post
2586 2687 2792 2751 multa

454 2799 743 2873 tempora
810 2792 877 2853 in
956 2800 1177 2855 monte
1239 2792 1605 2856 Calvariae.
1717 2792 1871 2855 Ideo
1949 2794 2234 2875 pictores
2308 2801 2792 2856 consueverunt

453 2905 685 2960 testam
729 2897 990 2961 humani
1032 2898 1266 2980 capitis
1307 2899 1429 2961 sub
1473 2915 1667 2961 cruce
1711 2897 2079 2982 depingere.
2167 2897 2357 2962 Unde
2402 2896 2791 2959 Ambrosius

449 3011 518 3065 et
571 3001 1010 3086 Athanasius,
1088 3001 1598 3085 chrysostomus
1669 3013 1736 3066 et
1791 3003 2191 3087 Jeronymus
2247 3003 2315 3065 in
2379 2979 2653 3085 episto‘la
2707 3000 2791 3064 ad

449 3105 826 3170 Marcellam
871 3115 935 3169 et
978 3107 1044 3170 in
1089 3107 1380 3190 pluribus
1424 3107 1567 3171 aliis
1617 3108 1818 3190 locis,
1883 3115 1947 3172 et
1980 3107 2422 3171 Hebraeorum
2467 3106 2791 3189 doctores,

449 3212 711 3275 dicunt:
752 3210 969 3275 Adam
1011 3213 1119 3276 hic
1160 3212 1510 3297 peccasse,
1553 3221 1623 3276 et
1666 3213 1877 3277 fuisse
1918 3213 2282 3298 sepultum,
2337 3212 2522 3295 ideo,
2570 3218 2646 3275 ut
2682 3212 2792 3275 ubi

448 3325 819 3400 corruptum
862 3324 970 3381 est
1009 3335 1221 3401 genus
1259 3318 1642 3401 humanum,
1695 3318 1785 3381 ibi
1826 3316 2134 3381 Christus
2185 3318 2513 3403 proprium
2556 3335 2792 3400 corpus

450 3423 784 3505 exposuit,
850 3430 915 3484 et
977 3424 1087 3486 ubi
1149 3426 1470 3488 seminata
1532 3431 1639 3487 est
1695 3423 2052 3510 corruptio,
2115 3422 2350 3485 ibidem
2396 3424 2792 3506 incorruptio

447 3530 744 3592 oriretur.
832 3530 1019 3590 Haec
1071 3527 1480 3593 Anthonius-
1550 3528 1840 3591 Sanctus
1884 3529 2078 3588 etiam
2149 3525 2551 3611 Jeronymus
2593 3545 2793 3610 saepe

447 3633 618 3698 idem
669 3633 846 3695 dicit.
932 3634 1010 3696 In
1050 3633 1329 3717 quodam
1373 3643 1587 3698 tamen
1627 3634 1771 3697 loco
1812 3632 2001 3696 dicit:
2069 3630 2244 3715 quod
2293 3630 2530 3715 dicere,
2573 3630 2791 3698 Adam

445 3738 537 3803 ibi
578 3737 920 3821 sepultum,
961 3739 1054 3802 sit
1097 3738 1452 3802 favorabile
1494 3746 1563 3801 et
1606 3756 1798 3803 aures
1853 3735 2246 3801 demulcens.
2337 3735 2587 3801 Locum
2632 3752 2791 3820 ergo

445 3844 781 3906 scissurae
824 3842 1183 3907 deosculati
1223 3861 1486 3927 sumus,
1550 3851 1619 3907 et
1659 3844 1872 3908 locum
1916 3840 2290 3923 sepulturae
2330 3840 2540 3904 Adam
2584 3841 2792 3924 patris

449 3949 674 4012 nostri.

615 4051 818 4117 Porro
893 4049 1268 4117 orientales
1353 4052 1574 4118 dicunt
1592 4096 1613 4136 ,
1695 4052 1763 4116 in
1841 4067 1922 4115 eo
1984 4050 2128 4115 loco
2192 4049 2518 4135 sepultum
2584 4046 2792 4112 ruisse

445 4156 958 4242 Melchisedech,
1008 4159 1281 4242 primum
1319 4158 1728 4224 sacerdotem
1762 4155 2154 4221 Jerusalem.
2200 4156 2310 4220 De
2350 4175 2478 4240 quo
2520 4155 2793 4220 habetur

437 4260 694 4327 Genea.
739 4263 926 4334 XIV.
972 4274 1037 4328 et
1076 4263 1341 4330 Psalmo
1405 4265 1550 4331 109.
1632 4262 1775 4327 Sed
1812 4263 1939 4329 hoc
1973 4261 2174 4328 latina
2237 4271 2303 4324 et
2367 4259 2790 4325 occidentalis

451 4366 732 4433 ecelesia
780 4387 913 4434 nou
954 4371 1214 4455 recipit,
1251 4377 1520 4455 propter
1565 4368 1809 4436 dietum
1852 4367 2135 4452 apostoli
2195 4367 2471 4432 Hebrae.
2519 4382 2658 4447 cap.
2704 4361 2788 4447 7.,
