3242 5259
480 394 1129 499 ,sublataprisfina
1150 394 1394 472 indole
1440 399 1619 474 ordo
1650 378 1984 476 foliorum
2016 412 2095 480 et
2121 406 2540 507 paginarum
2569 411 2843 488 codicis

508 517 960 621 interpositis
1003 517 1318 591 numeris
1367 527 1583 617 atque
1636 520 1903 597 litteris
1959 526 2078 620 (ut
2122 525 2221 599 12
2269 526 2366 619 A,
2415 528 2515 603 44
2558 531 2624 605 Β
2664 535 2844 629 etc.)

400 700 407 707 .
516 640 985 742 exprimatur,
1041 645 1118 711 et
1155 637 1273 741 qui
1322 639 1543 713 tertio
1588 640 1933 719 volumini
1982 643 2338 721 addentur
2386 647 2692 745 indices,
2748 651 2844 726 ad

509 760 701 837 hunc
745 776 1195 833 numerorum
1246 767 1324 831 et
1349 757 1754 867 litterarum
1799 762 2148 875 prdinem,
2201 789 2343 841 non
2405 768 2502 844 ad
2550 781 2845 848 nostrae

510 879 855 975 editionis
898 877 1204 980 paginas
1245 879 1508 975 referri
1551 880 1890 974 debeant,
1985 882 2249 977 Sedin
2296 888 2595 987 reliquis
2631 892 2844 967 etiam

510 1001 795 1078 minime
847 999 1224 1101 archetypi
1270 998 1589 1087 colorem
1626 1002 2134 1078 immutandum
2184 1028 2356 1080 esse
2408 1007 2845 1101 existimavi,

511 1132 593 1204 ut
642 1146 888 1206 veram
938 1120 1393 1217 fideliterque
1428 1141 1859 1222 expressam
1907 1111 2220 1198 haberes
2244 1123 2410 1200 libri
2438 1121 2844 1226 imaginem.

510 1245 781 1322 Latino
843 1240 1127 1342 quidem
1178 1261 1515 1317 sermone
1575 1241 1872 1343 scripsit
1922 1251 2179 1318 auctor
2196 1297 2220 1336 ,
2283 1245 2422 1320 sed
2470 1247 2632 1322 fere
2678 1248 2846 1341 isto,

515 1368 634 1467 qui
680 1361 1012 1478 epistolis
1052 1359 1517 1436 obscurorum
1563 1361 1879 1441 virorum
1924 1360 2233 1439 ludibrio
2280 1365 2441 1468 fuit,
2487 1389 2633 1442 nec
2682 1369 2844 1443 usui

512 1483 1030 1562 vocabulorum
1084 1504 1226 1556 nec
1296 1480 1592 1580 linguae
1662 1481 1951 1587 legibus
2021 1488 2413 1586 rectaeque
2481 1485 2848 1562 scribendi

513 1606 776 1691 rationi
849 1600 1035 1679 satis
1125 1604 1469 1700 congruo.
1508 1658 1513 1664 .
1580 1602 1794 1678 Nihil
1879 1624 2023 1703 ego
2100 1606 2390 1682 mutavi.
2524 1605 2849 1682 Litteras

513 1724 958 1843 majusculas
1009 1732 1087 1797 et
1118 1722 1557 1798 minusculas
1590 1722 1661 1797 in
1692 1723 2095 1800 scribendis
2116 1726 2516 1802 nominibus
2538 1728 2850 1829 propriis

280 1898 285 1907 -
424 1948 430 1953 θ
514 1846 944 1949 praesertim
989 1844 1094 1920 ita
1132 1843 1571 1946 permiscuit,
1609 1850 1688 1917 ut
1703 1865 1857 1917 nec
1888 1844 1961 1917 in
1990 1868 2240 1921 errore
2284 1847 2447 1947 ipse
2489 1847 2627 1921 sibi
2670 1869 2848 1921 eon-

515 1976 786 2059 staret;
818 1965 1172 2043 sermonis
1197 1962 1607 2071 discssnina
1635 1962 1920 2039 minime
1952 1964 2264 2039 curavit·
2302 1966 2698 2066 expressit,
2729 1965 2850 2041 ubi

516 2088 847 2166 omittere
901 2085 1235 2179 debebat,
1290 2084 1551 2176 omisit,
1592 2081 1713 2158 ubi
1757 2082 2231 2183 exprimenda
2284 2093 2511 2160 erant.
2591 2085 2852 2161 Omnia

516 2206 804 2303 retinui,
834 2209 975 2316 nisi
1011 2231 1195 2308 quae
1234 2206 1338 2283 ita
1370 2210 1787 2305 comparata
1827 2210 2056 2295 erant,
2086 2212 2169 2279 ut
2206 2202 2445 2279 lector
2474 2203 2850 2280 videretur

517 2355 660 2407 non
698 2353 923 2432 posse
942 2364 949 2369 ·
967 2329 1040 2402 in
1089 2335 1409 2403 errorem
1459 2347 1601 2398 non
1646 2321 1910 2401 induci.
1983 2322 2124 2397 His
2151 2322 2393 2398 levem
2428 2324 2852 2400 medicinam

517 2448 848 2563 adhibui3
899 2456 1199 2524 caetera
1244 2445 1519 2520 intacta
1571 2424 1877 2542 reliqui}
1930 2466 2155 2557 quare
2175 2484 2182 2492 ·
2200 2442 2279 2516 id
2326 2466 2453 2556 oro
2503 2466 2854 2544 rogoque,

398 2570 403 2575 ’
518 2580 600 2647 ut
646 2594 764 2664 ne,
816 2592 1001 2671 quae
1047 2562 1278 2669 ipsius
1302 2562 1505 2641 libri
1516 2548 1822 2640 indoles
1860 2560 2107 2656 fuerit,
2156 2556 2316 2636 sive
2366 2585 2574 2659 meae
2620 2562 2854 2664 negli-

518 2692 816 2794 gentiae
865 2690 1027 2765 sive
1070 2664 1508 2792 typographi
1540 2684 1770 2761 errori
1805 2681 2106 2761 tribuas.
2208 2681 2416 2772 Quae
2446 2680 2857 2757 difficiliora

519 2819 728 2891 erant
761 2812 987 2903 lectu,
1032 2809 1194 2884 sive
1241 2830 1428 2908 quae
1477 2828 1777 2908 perraro
1809 2801 2095 2901 quidem
2134 2798 2473 2874 addenda
2505 2791 2854 2872 videban-

521 2944 670 3025 tur,
733 2930 1015 3007 uncinis
1087 2928 1332 3004 variae
1386 2929 1664 3007 formae
1721 2922 2006 2997 inclusa
2058 2916 2309 2994 addito
2353 2939 2853 3016 nonnunquam

519 3049 1110 3190 interrogationis
1149 3048 1360 3145 signo
1402 3042 1845 3146 explicanda
1872 3038 2142 3141 putavi.
2205 3035 2367 3115 Sea
2389 3035 2578 3111 haec
2602 3034 2855 3140 hacteq

522 3197 682 3251 nus.
782 3171 905 3246 Τιι
966 3190 1184 3261 vero,
1238 3165 1597 3243 benevole
1649 3163 1910 3253 lector,
1958 3158 2117 3249 fac,
2168 3166 2250 3233 ut
2293 3155 2582 3233 Fratris
2624 3136 2857 3230 nostri

523 3291 807 3370 Felicis
835 3288 1058 3367 Fabri
1103 3297 1181 3397 et
1229 3309 1462 3367 meum
1498 3285 1647 3381 hoc
1699 3294 1884 3386 opus
1928 3277 2140 3370 felix,
2179 3277 2495 3352 faustum
2529 3275 2856 3351 fortuna»

494 3421 830 3511 tumque
855 3410 978 3503 sit,
1026 3430 1120 3484 ne
1170 3424 1381 3507 quem
1427 3405 1500 3478 in
1545 3402 1836 3480 edenda
1860 3400 2000 3476 hac
2042 3397 2327 3473 itineris
2368 3394 2859 3498 descriptione

520 3531 849 3636 pessimo
888 3529 1175 3631 quidem
1213 3525 1492 3607 calamo
1536 3522 1810 3624 scripta
1847 3512 2382 3612 collocaverim,
2413 3513 2711 3592 taedeat
2747 3536 2862 3589 me

528 3650 852 3731 herculei
902 3648 1194 3727 laboris,

697 3831 929 3898 Ulmo
969 3829 1159 3894 tertio
1201 3835 1352 3893 ante
1401 3824 1732 3891 calendas
1771 3823 2068 3888 Martias.

2125 4020 2132 4025 -
2183 3966 2668 4061 Edltor.
