3242 5259
633 476 842 542 tribus
891 452 1154 539 diebus'
1182 470 1630 559 resolvuntur,
1701 490 1873 558 quae
1929 473 2000 537 in
2040 471 2192 537 aliis
2256 471 2666 537 monateriis
2727 472 2845 536 vix
2898 473 2975 536 in

633 580 874 646 xvm.
917 581 1112 644 annis
1152 579 1236 645 ad
1273 580 1537 664 plenum
1577 587 2068 645 consumuntur.

800 687 1000 750 Porro
1042 683 1126 749 de
1167 687 1434 770 triginta
1476 685 1766 751 denariis
1831 685 1964 770 legi
2004 681 2327 772 quandam
2390 681 2653 766 longam
2694 688 2761 743 et
2804 698 2975 746 ver-

634 795 855 857 bosam
897 792 1252 875 historiam,
1294 809 1463 876 quae
1509 791 1666 856 dieit
1688 837 1708 876 ,
1752 791 1924 876 quod
1964 792 2218 874 'rhu-e,
2256 796 2443 873 pater
2481 785 2812 869 Abrahae,
2848 803 2977 849 eos

633 897 719 961 ad
755 897 1089 981 imperium
1107 897 1268 961 Nini
1310 898 1487 982 regis
1518 897 1795 981 (auderit,
1824 915 1972 961 eum
2010 896 2156 960 aliis
2190 893 2482 979 ejusdem
2512 909 2977 977 permissui-ae,

635 1011 698 1066 et
742 1003 1068 1066 Abraham
1113 1019 1230 1066 eos
1272 1003 1604 1086 accipiens
1665 1003 1736 1066 in
1777 1012 2014 1068 terram
2056 1002 2226 1067 haue
2278 998 2540 1083 detulit,
2594 1017 2637 1062 a
2677 1016 2807 1084 quo
2849 1016 2980 1081 per

631 1125 1014 1171 successum
1053 1107 1314 1171 Ismaeli
1354 1117 1511 1172 suut
1549 1107 1805 1192 traditi,
1878 1122 2229 1193 numquam
2272 1105 2352 1170 ab
2409 1106 2692 1170 invicem
2730 1103 2973 1167 divisi.

633 1214 778 1276 Hos
818 1212 1186 1275 ismaelitae
1226 1211 1568 1278 dederuut·
1608 1212 1764 1277 filiis
1818 1213 2028 1277 Jacob
2076 1232 2196 1297 pro
2263 1208 2519 1294 Joseph
2583 1210 2783 1273 fratre
2822 1224 2976 1289 suo,

634 1337 826 1407 quem
868 1315 1295 1381 vendiderant
1334 1319 1465 1402 eis,
1508 1318 1746 1391 fratros
1788 1314 2005 1382 au'tem
2048 1336 2166 1383 eos
2206 1318 2277 1381 in
2314 1318 2696 1399 Aegyptam
2741 1321 2979 1397 porta-

631 1429 904 1505 verunt,
942 1441 1060 1505 pro
1103 1422 1425 1488 frumento
1467 1432 1871 1508 exponentes
1910 1442 2046 1489 eos.
2130 1425 2223 1487 Et
2264 1421 2349 1486 de
2386 1423 2701 1504 Aegypto
2745 1426 2978 1487 traus-

633 1522 819 1593 missi
871 1534 1026 1593 sunt
1064 1527 1135 1592 in
1190 1527 1368 1592 Saba
1429 1532 1765 1613 regionem
1812 1546 1934 1613 pro
2007 1528 2457 1594 mercimoniis.
2541 1524 2689 1590 Hos
2746 1524 2983 1606 regina

631 1632 814 1705 Saba
855 1618 1083 1698 obtulit
1123 1631 1460 1713 Salomoni
1501 1635 1673 1723 impr
1714 1635 1844 1699 alia
1883 1653 2171 1718 munera,
2200 1635 2333 1718 qui·
2362 1649 2479 1696 eos
2514 1632 2583 1695 in
2625 1627 2983 1714 gazophy-

635 1736 869 1803 lacium
914 1738 1135 1821 templi
1177 1738 1441 1807 Domini
1484 1739 1740 1823 injecit3
1800 1741 1926 1804 hos
1966 1739 2569 1809 Nabuchodonosor
2619 1753 2769 1799 eum
2827 1731 2981 1794 aliis

636 1843 886 1925 templi·
900 1843 1231 1907 thesauris
1275 1844 1452 1925 tulit,
1497 1852 1566 1909 et
1608 1842 1925 1908 Godoliae
1968 1864 2083 1909 eos
2125 1864 2241 1928 pro
2293 1861 2577 1907 munere·
2598 1836 2886 1919 tradidit,
2935 1853 2979 1898 a

639 1966 763 2031 quo
785 1946 883 2011 .in
925 1960 1195 2029 reguum
1238 1947 1500 2012 Nubiae
1550 1958 1707 2013 suut
1749 1934 2137 2020 transmissi.
2220 1948 2394 2012 Nato
2437 1954 2651 2011 antem
2694 1942 2976 2007 Domino

637 2049 709 2113 iu
749 2050 1129 2127 Bethlehem
1167 2052 1665 2127 ·Melbhior,rex
1682 2052 1965 2117 'Nubiae
2029 2054 2262 2118 obtulit
2301 2071 2419 2117 eos
2458 2052 2764 2132 Domino,
2807 2065 2978 2132 quos

637 2154 846 2225 beata.
871 2156 1084 2240 Virgo
1129 2164 1198 2220 et
1229 2157 1493 2241 „Ioseph
1534 2177 1685 2239 cum
1725 2174 1926 2242 puero
1972 2159 2299 2242 fugientes
2335 2150 2419 2225 in'
2445 2156 2706 2219 deserto
2748 2151 2979 2237 perdi-

640 2261 901 2347 derunt,
965 2268 1035 2324 et
1078 2259 1340 2345 quidam
1382 2271 1606 2344 pastor
1666 2282 1785 2335 eos
1857 2266 2191 2349 reperiens
2255 2262 2383 2327 30
2404 2261 2593 2325 aunis
2656 2260 2977 2323 servavit.

640 2356 773 2437 Hie
813 2375 1036 2451 pastor
1112 2365 1382 2430 audiens
1428 2366 1668 2432 famam
1710 2358 2162 2433 miraculorum
2228 2366 2485 2471 Domini
2547 2365 2714 2429 Jesu
2793 2362 2979 2427 venit

641 2470 935 2549 infirmus
975 2470 1042 2543 iu
1063 2470 1449 2555 Jerusalem
1494 2480 1559 2536 et
1598 2473 1880 2536 sanitate
1929 2475 2015 2538 ab
2054 2494 2134 2539 eo
2174 2479 2442 2556 recepta
2503 2469 2737 2534 obtulit
2776 2466 2979 2530 XXX

605 2562 922 2657 ‘Domiiio
964 2566 1148 2639 Jes'u.
1228 2574 1358 2654 Qui
1404 2575 1556 2639 dum
1601 2596 1718 2641 eos
1756 2577 2053 2663 accipere
2093 2578 2317 2662 nollet,
2361 2575 2536 2641 dedit
2591 2586 2708 2638 eos
2749 2571 2979 2657 templi

644 2674 1123 2762 sacerdotibus,
1185 2683 1312 2763 qui-
1340 2699 1453 2745 eos
1497 2684 1567 2743 iu
1618 2681 1964 2746 corbanam
2010 2685 2346 2747 miserunt.
2428 2678 2716 2763 vendito
2758 2687 2977 2741 autem

645 2783 1186 2867 Dumium-iudae„
1210 2803 1325 2849 eos
1368 2785 1792 2872 tradiderunt,
1829 2790 1941 2872 qui
1984 2786 2387 2872 poenitentia
2429 2783 2664 2848 duetus
2702 2782 2979 2867 projecit

644 2908 762 2953 eos
803 2891 870 2953 ἰιι
920 2889 1259 2974 templum,
1302 2909 1469 2976 quos
1517 2891 1917 2976 accipientes
1954 2892 2333 2985 sacerdotes
2372 2891 2549 2954 huno
2588 2906 2817 2973 agrum
2858 2905 2977 2969 pro

648 2995 746 3057 eis
790 3003 1113 3078 emerunt,
1158 3003 1224 3058 et
1264 2996 1390 3061 hoe
1441 3002 1636 3079 paeto
1678 2995 1954 3081 dispersi
1996 3009 2149 3062 suut
2179 2998 2260 3061 ab
2300 2996 2585 3060 invicem
2627 3012 2745 3077 per
2783 3010 2977 3053 mun-

647 3097 834 3182 dum3
878 3098 961 3161 de
1004 3099 1238 3181 quibus
1285 3099 1355 3161 in
1394 3097 1627 3173 Rhodo
1666 3116 1866 3166 ιιιιιιιιι
1911 3102 2070 3188 vidi,
2109 3090 2298 3185 cujus'
2341 3102 2613 3185 figuram
2634 3098 2978 3161 Johannes

647 3201 905 3264 'l'uoher
944 3201 1026 3264 de
1064 3200 1518 3288 Niiremberga
1560 3209 1846 3328 aegepit,
1910 3206 2049 3288 (Β)
2095 3217 2162 3271 et
2200 3186 2456 3275 modulo
2501 3204 2673 3268 facto
2717 3201 2978 3287 plumbo

648 3303 816 3368 fudit
856 3304 1164 3389 aequales
1225 3318 1567 3393 argenteo,
1609 3320 1705 3385 ,et
1744 3312 1886 3375 suis
1943 3314 2167 3376 amicit
2220 3308 2502 3375 tradidit.
2584 3304 2761 3373 Nam
2823 3304 2977 3371 dum

646 3424 817 3473 auno
862 3406 1028 3474 1485
1070 3426 1367 3475 essemus
1440 3416 1820 3497 congregati
1870 3416 1939 3479 in
1980 3415 2431 3498 Niiremberga
2495 3410 2579 3476 ad
2616 3409 2976 3496 capitulum

647 3512 1048 3597 provinciale
1101 3514 1586 3600 celebrandum,
1650 3517 1827 3581 dedit
1886 3520 2256 3602 praedictus
2322 3520 2424 3583 vir
2464 3516 2730 3587 cuilibet
2794 3515 2979 3579 fratri

645 3635 844 3697 unum
911 3615 997 3680 de
1056 3619 1199 3682 suis
1257 3619 1558 3685 denariis.
1649 3619 1998 3699 Quantitas
2066 3633 2170 3689 est
2234 3627 2412 3691 siout
2480 3619 2983 3704 blaphordorum

647 3721 894 3803 erneis,
957 3720 1025 3782 in
1067 3734 1198 3784 una
1221 3733 1437 3813 ⁸„parte
1502 3733 1604 3789 est
1675 3724 1883 3791 facies
1920 3729 2236 3811 hnmana,
2306 3731 2375 3793 iu
2415 3726 2544 3792 alia
2603 3732 2710 3797 ost
2751 3724 2976 3789 lilium·

647 3822 1127 3907 superscriptio
1190 3846 1348 3892 vero
1407 3828 1529 3891 ruit
1584 3829 1879 3917 quidem,
1938 3831 2073 3921 sed
2125 3830 2338 3905 uideri
2378 3850 2507 3897 non
2566 3834 2801 3919 potest.
2888 3827 2979 3891 Et

645 3928 896 3992 tantum
939 3928 1021 3993 de
1062 3940 1279 3995 monte
1317 3930 1740 4006 Acheloum·
1832 3960 1843 3967 ·
2692 3970 2703 3978 ·
