3242 5259
1559 401 1683 468 185

440 603 592 650 uum
629 601 780 650 oum
821 583 996 649 tubis
1035 583 1120 647 ad
1160 597 1450 647 mensam
1498 582 1813 649 dabatur:
1892 594 1963 649 et
2021 603 2169 650 eum
2226 584 2464 670 gaudio
2514 582 2786 669 quilibet

439 709 518 753 se
572 690 657 755 ad
713 707 1004 754 mensam
1043 686 1330 773 parabat.
1417 683 1698 767 Quidam
1739 698 1956 753 autem
1999 690 2308 755 saeerdos
2364 692 2473 754 vir
2513 705 2785 771 corpore

441 796 686 879 gravis,
728 796 1043 859 honestus
1087 802 1155 856 et
1196 809 1505 876 annosus,
1550 795 1667 875 qui
1703 793 1788 857 ad
1818 793 1988 859 latus
2025 813 2239 859 meum
2281 793 2576 858 dextrum
2597 812 2786 858 oum-

443 899 592 962 bam
614 900 911 986 habebat,
938 899 1022 964 ad
1049 898 1354 963 stantiam
1387 916 1573 962 suam
1617 908 1769 982 post
1811 907 2069 964 mutum
2114 900 2483 982 festinabat,
2527 909 2593 962 et
2633 898 2785 961 dum

443 1022 563 1086 per
600 1005 847 1068 scalam
892 1001 1292 1068 descendere
1327 1002 1554 1087 vellet,
1594 1013 1663 1067 et
1704 1003 1874 1087 pede
1927 1006 2201 1087 primum
2239 1004 2466 1068 scalae
2515 1002 2787 1085 gradum

443 1108 821 1172 lubricatum
865 1128 950 1172 ex
990 1109 1299 1172 continua
1333 1105 1853 1174 deambulatione
1901 1118 2219 1194 tangeret,
2263 1107 2536 1172 sacillari
2575 1107 2790 1189 eoepit

441 1214 738 1298 pedibus,
782 1224 851 1277 et
897 1212 1201 1278 deorsum
1226 1213 1441 1277 subito
1473 1231 1671 1276 ruens
1712 1215 2072 1298 importune
2100 1214 2169 1280 in
2204 1214 2491 1278 carinam
2534 1210 2787 1293 cecidit,

442 1329 511 1382 et
549 1320 640 1382 ibi
680 1320 870 1404 quasi
909 1327 1201 1383 mortuus
1256 1318 1400 1397 (B)
1450 1317 1695 1400 jacuit=
1753 1318 1837 1382 ad
1898 1320 2025 1384 hoo
2086 1336 2316 1383 omnes
2394 1317 2789 1383 accurrimus

441 1444 560 1508 pro
605 1424 827 1488 fratris
867 1423 1332 1488 consolatione.
1421 1422 1559 1487 Sed
1599 1424 1705 1486 vir
1746 1423 1858 1487 ille
1895 1425 2231 1488 confracto
2273 1422 2487 1505 eapite
2540 1431 2606 1484 et
2649 1418 2790 1483 dis-

441 1530 676 1593 solutis
719 1530 1023 1592 membrIs
1066 1548 1185 1613 pro
1228 1535 1479 1598 mortuo
1518 1527 1900 1592 trahebatur
1936 1529 2005 1591 in
2039 1528 2337 1592 cumbam
2380 1544 2585 1594 suam·
2630 1523 2791 1587 Post

442 1634 666 1698 horam
707 1643 923 1697 tamen
965 1633 1050 1697 ad
1113 1650 1191 1696 se
1245 1649 1555 1697 reversus
1636 1634 1950 1717 ligaturas
2008 1641 2076 1695 et
2128 1649 2325 1696 ouras
2380 1633 2669 1713 aeeepit‚
2723 1638 2791 1694 et

443 1737 906 1825 &quantulum
953 1745 1100 1821 post
1143 1746 1398 1820 tempus
1424 1736 1783 1822 aliquorum
1823 1736 2069 1799 dierum
2112 1736 2461 1800 convaluit.
2507 1733 2790 1800 Prandio

440 1842 626 1906 finito
666 1844 735 1906 in
777 1843 1173 1925 marginibus
1223 1842 1415 1906 navis
1456 1843 1778 1925 stetimus,
1822 1851 1888 1904 et
1929 1849 2179 1903 tantum
2216 1849 2522 1905 montana
2561 1840 2790 1905 videre

441 1957 833 2033 poteramus,
869 1965 1043 2032 qnae
1086 1947 1305 2011 omnia
1345 1946 1540 2011 ealva
1587 1956 1654 2010 et
1698 1948 1847 2011 alba
1885 1945 2072 2009 nobis
2116 1942 2522 2010 videbantur.
2625 1946 2788 2010 Post

442 2053 771 2118 meridiem
816 2051 1102 2117 vidimus
1140 2053 1211 2116 in
1253 2052 1613 2137 aquilonari
1652 2061 1837 2136 parte
1877 2059 2131 2115 montes
2172 2050 2364 2134 altos,
2408 2052 2577 2114 inter
2619 2066 2788 2135 quos

443 2163 604 2223 mari
646 2159 1064 2244 propinquior
1123 2166 1264 2221 erat
1314 2174 1502 2240 mons
1543 2155 1827 2220 Carmeli
1844 2199 1865 2239 ,
1902 2156 1970 2219 in
2025 2156 2363 2239 provincia
2413 2156 2784 2220 Phoenicis.

444 2264 520 2330 ln
564 2263 752 2346 eujus
791 2271 1068 2346 aspectu
1108 2261 1534 2347 recordabar,
1579 2260 1901 2347 quomodo
1963 2269 2232 2324 sanetus
2285 2260 2598 2343 propheta
2642 2260 2789 2320 He-

442 2363 568 2427 lias
617 2365 688 2428 in
727 2382 807 2429 eo
850 2377 1069 2431 monte
1082 2369 1293 2431 Deum
1352 2386 1470 2450 pro
1511 2367 1741 2451 pluvia
1759 2366 2148 2450 depreeatus
2191 2374 2314 2447 ost,
2356 2362 2614 2449 quando
2658 2380 2787 2425 non

443 2468 703 2552 pluerat
745 2473 937 2534 annts
976 2472 1185 2535 tribus
1227 2480 1295 2534 et
1349 2471 1684 2536 mensibus
1724 2488 1867 2554 sex,
1912 2478 1979 2533 et
2036 2468 2353 2554 quomodo
2416 2487 2494 2531 eo
2562 2475 2788 2532 orante

443 2574 740 2639 aseendit
781 2574 1100 2639 nubecula
1139 2591 1345 2659 parva
1384 2577 1572 2661 quasi
1631 2576 1984 2660 vestigium
2045 2574 2232 2658 pedis
2295 2572 2379 2637 de
2436 2573 2596 2636 mari
2652 2571 2784 2654 illo,

447 2695 533 2741 ex
588 2697 720 2763 qna
773 2689 1087 2763 generata
1132 2682 1254 2745 t’uit
1293 2680 1562 2764 grandis
1602 2680 1828 2764 pluvia
1848 2724 1870 2763 ,
1920 2689 1993 2743 ut
2034 2680 2322 2743 habetur.
2363 2678 2426 2742 3.
2509 2677 2784 2759 Regum.

449 2781 548 2845 18.
633 2782 937 2867 Cogitavi
999 2787 1191 2848 etlam
1209 2830 1232 2869 ,
1285 2784 1606 2871 quomodo
1666 2805 1786 2850 ren
1848 2783 2012 2848 Saul
2050 2786 2119 2847 in
2182 2783 2296 2847 illo
2374 2790 2593 2848 moute
2632 2799 2785 2845 ere-

443 2885 544 2949 xit
601 2886 913 2952 fornicem
930 2934 953 2972 ,
1024 2907 1246 2953 areum
1308 2889 1759 2973 triumphalem
1835 2889 1920 2953 ad
1980 2888 2315 2972 gentilium
2385 2904 2623 2949 morem
2637 2931 2660 2969 ‚
2717 2887 2788 2948 in

443 3007 574 3072 quo
618 2989 962 3075 descripsit
1000 3011 1161 3058 sues
1203 2995 1579 3078 triumphos,
1622 3003 1691 3058 et
1730 2995 1801 3058 in
1842 2994 2039 3058 altum
2083 2995 2311 3075 erexit,
2352 2999 2427 3055 ut
2465 2998 2788 3056 atrame-

445 3096 706 3159 untibus
769 3106 1004 3162 terram
1097 3109 1166 3163 et
1223 3119 1402 3163 mare
1463 3100 1923 3183 navigantibus
1988 3098 2318 3164 videretur
2395 3096 2641 3181 form,
2717 3097 2788 3159 in

443 3217 573 3284 quo
630 3201 804 3265 facto
868 3203 1080 3268 Deum
1136 3204 1334 3269 valde
1389 3203 1659 3269 offendit
1678 3250 1701 3289 ,
1770 3213 1845 3268 ut
1885 3204 2135 3269 dieitur.
2194 3205 2231 3268 1
2301 3202 2621 3287 Regnum.
2680 3201 2781 3268 15.

444 3305 831 3372 Admirabar
911 3310 1107 3373 etiam
1207 3327 1324 3373 eur
1408 3326 1696 3391 sponsus
1715 3352 1736 3390 ,
1810 3306 2063 3375 Cautio.
2147 3307 2209 3371 ⁷.
2236 3352 2257 3390 ‚
2353 3317 2553 3392 eaput
2623 3324 2788 3371 suae

442 3424 727 3491 sponsae
767 3412 920 3477 huie
980 3415 1181 3478 monti
1223 3412 1568 3480 assimilari
1608 3412 1849 3496 voluit,
1891 3413 2151 3477 diceus:
2215 3421 2413 3496 eaput
2470 3421 2649 3476 tuum
2711 3419 2785 3475 ut

445 3511 810 3580 Carmelus.
892 3518 1000 3581 Ab
1042 3518 1169 3582 hoe
1230 3517 1511 3602 denique
1567 3527 1787 3581 monte
1821 3526 2081 3601 propter
2126 3517 2232 3581 sui
2285 3515 2783 3584 foecunditatem

446 3626 585 3683 tota
623 3629 797 3686 terra
857 3628 1092 3685 saneta
1166 3620 1617 3686 denominatur
1671 3621 1916 3689 Jerem.
1984 3622 2082 3684 2:
2137 3620 2465 3685 introduxi
2546 3639 2673 3686 vos
2714 3621 2785 3685 in

446 3731 685 3788 terram
728 3725 1027 3792 Carmeli.
1103 3727 1181 3789 In
1221 3727 1351 3788 isto
1395 3733 1617 3787 monte
1666 3724 1900 3787 fratres
1941 3721 2336 3788 Carmelitae
2373 3719 2787 3809 sumpserunt

446 3831 798 3913 exordium,
841 3840 909 3894 et
948 3831 1099 3894 olim
1123 3831 1215 3893 ibi
1237 3828 1563 3893 habebant
1579 3825 1884 3912 magnum
1906 3837 2319 3894 conventum.
2376 3831 2530 3896 Fuit
2569 3839 2781 3898 autem

443 3933 553 3998 hie
595 3934 754 4000 ordo
793 3937 1129 4000 institutus
1170 3935 1252 3999 ab
1292 3933 1566 3997 Alberto
1608 3932 1887 4018 quodam
1943 3935 2312 4017 patriarcha
2348 3936 2785 4022 Jerosolymi-

446 4046 600 4103 tano
641 4049 948 4125 tempore,
991 4060 1122 4125 quo
1144 4039 1500 4105 Christiani
1542 4038 1730 4104 latini
1770 4039 2091 4104 habebant
2115 4039 2402 4126 Syriam,
2445 4040 2783 4106 ottradidit

446 4143 546 4206 eis
587 4144 803 4210 dium
843 4146 1156 4211 Albertus
1195 4163 1467 4229 cappam
1511 4144 1685 4209 ferre
1724 4144 2125 4228 superiorem
2166 4163 2252 4210 ex
2294 4147 2507 4212 serieo
2548 4148 2784 4231 quibus

447 4245 850 4333 damhrgis
924 4249 1580 4335 virginetgrisds
1648 4248 2039 4314 circulatam.
2151 4248 2493 4315 Sioenim
2560 4250 2784 4320 dicunt

447 4353 702 4417 Heliam
738 4355 1126 4441 Prophetam
1141 4355 1449 4420 vestitum
1477 4355 1704 4438 fuis-e,
1730 4354 1903 4440 quod
1940 4366 2155 4420 tamen
2178 4372 2304 4419 nee
2345 4375 2432 4419 ex
2466 4356 2784 4422 canonica

447 4459 764 4542 scriptura
806 4479 930 4526 neo
970 4462 1342 4527 authentica
1382 4460 1762 4527 aumon'tate
1800 4461 2025 4526 haberi
2045 4469 2279 4546 potest.
2323 4459 2481 4524 Boot
2526 4456 2784 4526 modum
