<?xml version="1.0" encoding="UTF-8"?>
<!DOCTYPE html PUBLIC "-//W3C//DTD XHTML 1.0 Transitional//EN"
    "http://www.w3.org/TR/xhtml1/DTD/xhtml1-transitional.dtd">
<html xmlns="http://www.w3.org/1999/xhtml" xml:lang="en" lang="en">
 <head>
  <title>
</title>
<meta http-equiv="Content-Type" content="text/html;charset=utf-8" />
  <meta name='ocr-system' content='tesseract 3.04.00' />
  <meta name='ocr-capabilities' content='ocr_page ocr_carea ocr_par ocr_line ocrx_word'/>
</head>
<body>
  <div class='ocr_page' id='page_1' title='image "./fratrisfelicisf00unkngoog_0475.png"; bbox 0 0 3242 5259; ppageno 0'>
   <div class='ocr_carea' id='block_1_1' title="bbox 1391 257 1520 324">
    <p class='ocr_par' dir='ltr' id='par_1_1' title="bbox 1391 257 1520 324">
     <span class='ocr_line' id='line_1_1' title="bbox 1391 257 1520 324; baseline 0 -3"><span class='ocrx_word' id='word_1_1' title='bbox 1391 257 1520 324; x_wconf 72' lang='lat'><strong>458</strong></span> 
     </span>
    </p>
   </div>
   <div class='ocr_carea' id='block_1_2' title="bbox 289 436 2669 1985">
    <p class='ocr_par' dir='ltr' id='par_1_2' title="bbox 289 436 2625 1132">
     <span class='ocr_line' id='line_1_2' title="bbox 290 436 2621 523; baseline -0.003 -18"><span class='ocrx_word' id='word_1_2' title='bbox 290 438 633 522; x_wconf 75' lang='lat' dir='ltr'><strong>infantem,</strong></span> <span class='ocrx_word' id='word_1_3' title='bbox 697 437 931 521; x_wconf 81' lang='lat' dir='ltr'><strong>pannis</strong></span> <span class='ocrx_word' id='word_1_4' title='bbox 985 436 1382 521; x_wconf 88' lang='lat' dir='ltr'><strong>involutum,</strong></span> <span class='ocrx_word' id='word_1_5' title='bbox 1440 439 1814 520; x_wconf 83' lang='lat' dir='ltr'><strong>vagientem</strong></span> <span class='ocrx_word' id='word_1_6' title='bbox 1883 439 1949 503; x_wconf 88' lang='lat' dir='ltr'><strong>in</strong></span> <span class='ocrx_word' id='word_1_7' title='bbox 2009 439 2347 523; x_wconf 84' lang='lat' dir='ltr'><strong>praesepio</strong></span> <span class='ocrx_word' id='word_1_8' title='bbox 2391 436 2621 516; x_wconf 90' lang='lat' dir='ltr'><strong>Deum,</strong></span> 
     </span>
     <span class='ocr_line' id='line_1_3' title="bbox 289 540 2620 626; baseline -0.003 -16"><span class='ocrx_word' id='word_1_9' title='bbox 289 548 632 610; x_wconf 85' lang='lat' dir='ltr'><strong>venientes</strong></span> <span class='ocrx_word' id='word_1_10' title='bbox 688 548 989 625; x_wconf 83' lang='lat' dir='ltr'><strong>pastores</strong></span> <span class='ocrx_word' id='word_1_11' title='bbox 1053 542 1433 626; x_wconf 81' lang='lat' dir='ltr'><strong>laudantes,</strong></span> <span class='ocrx_word' id='word_1_12' title='bbox 1511 542 1857 608; x_wconf 81' lang='lat' dir='ltr'><strong>adorantes</strong></span> <span class='ocrx_word' id='word_1_13' title='bbox 1926 543 2165 626; x_wconf 81' lang='lat' dir='ltr'><strong>Magos</strong></span> <span class='ocrx_word' id='word_1_14' title='bbox 2236 551 2303 605; x_wconf 81' lang='lat' dir='ltr'><strong>et</strong></span> <span class='ocrx_word' id='word_1_15' title='bbox 2363 540 2620 605; x_wconf 88' lang='lat' dir='ltr'><strong>stellam</strong></span> 
     </span>
     <span class='ocr_line' id='line_1_4' title="bbox 294 645 2623 733; baseline -0.004 -18"><span class='ocrx_word' id='word_1_16' title='bbox 294 651 669 733; x_wconf 83' lang='lat' dir='ltr'><strong>fulgentem.</strong></span> <span class='ocrx_word' id='word_1_17' title='bbox 755 648 1062 731; x_wconf 77' lang='lat' dir='ltr'>Desuper</span> <span class='ocrx_word' id='word_1_18' title='bbox 1102 655 1371 710; x_wconf 79' lang='lat' dir='ltr'><strong>matrem</strong></span> <span class='ocrx_word' id='word_1_19' title='bbox 1413 647 1776 731; x_wconf 81' lang='lat' dir='ltr'><strong>Virginem,</strong></span> <span class='ocrx_word' id='word_1_20' title='bbox 1817 648 2147 710; x_wconf 84' lang='lat' dir='ltr'><strong>nutritium</strong></span> <span class='ocrx_word' id='word_1_21' title='bbox 2206 645 2501 709; x_wconf 81' lang='lat' dir='ltr'><strong>sedulum</strong></span> <span class='ocrx_word' id='word_1_22' title='bbox 2556 651 2623 706; x_wconf 89' lang='lat' dir='ltr'><strong>et</strong></span> 
     </span>
     <span class='ocr_line' id='line_1_5' title="bbox 292 749 2620 836; baseline -0.005 -16"><span class='ocrx_word' id='word_1_23' title='bbox 292 765 552 820; x_wconf 84' lang='lat' dir='ltr'><strong>caetera</strong></span> <span class='ocrx_word' id='word_1_24' title='bbox 616 753 791 817; x_wconf 89' lang='lat' dir='ltr'><strong>illius</strong></span> <span class='ocrx_word' id='word_1_25' title='bbox 860 753 1226 816; x_wconf 86' lang='lat' dir='ltr'><strong>nativitatis</strong></span> <span class='ocrx_word' id='word_1_26' title='bbox 1290 753 1599 834; x_wconf 86' lang='lat' dir='ltr'><strong>mysteria</strong></span> <span class='ocrx_word' id='word_1_27' title='bbox 1647 754 1941 836; x_wconf 80' lang='lat' dir='ltr'><strong>utrisque</strong></span> <span class='ocrx_word' id='word_1_28' title='bbox 1982 749 2188 814; x_wconf 85' lang='lat' dir='ltr'><strong>oculis</strong></span> <span class='ocrx_word' id='word_1_29' title='bbox 2238 749 2620 813; x_wconf 83' lang='lat' dir='ltr'><strong>intuebatur.</strong></span> 
     </span>
     <span class='ocr_line' id='line_1_6' title="bbox 295 853 2624 942; baseline -0.003 -19"><span class='ocrx_word' id='word_1_30' title='bbox 295 857 704 942; x_wconf 80' lang='lat' dir='ltr'><strong>Quapropter</strong></span> <span class='ocrx_word' id='word_1_31' title='bbox 744 857 980 921; x_wconf 85' lang='lat' dir='ltr'><strong>allecta</strong></span> <span class='ocrx_word' id='word_1_32' title='bbox 1018 857 1085 919; x_wconf 89' lang='lat' dir='ltr'><strong>in</strong></span> <span class='ocrx_word' id='word_1_33' title='bbox 1126 854 1271 920; x_wconf 90' lang='lat' dir='ltr'><strong>loco</strong></span> <span class='ocrx_word' id='word_1_34' title='bbox 1312 855 1425 921; x_wconf 86' lang='lat' dir='ltr'><strong>illo</strong></span> <span class='ocrx_word' id='word_1_35' title='bbox 1464 874 1543 919; x_wconf 91' lang='lat' dir='ltr'><strong>se</strong></span> <span class='ocrx_word' id='word_1_36' title='bbox 1583 858 1652 920; x_wconf 90' lang='lat' dir='ltr'><strong>in</strong></span> <span class='ocrx_word' id='word_1_37' title='bbox 1694 864 2075 941; x_wconf 86' lang='lat' dir='ltr'><strong>perpetuum</strong></span> <span class='ocrx_word' id='word_1_38' title='bbox 2126 853 2516 937; x_wconf 80' lang='lat' dir='ltr'><strong>mancipavit</strong></span> <span class='ocrx_word' id='word_1_39' title='bbox 2555 854 2624 916; x_wconf 87' lang='lat' dir='ltr'><strong>in</strong></span> 
     </span>
     <span class='ocr_line' id='line_1_7' title="bbox 292 958 2625 1045; baseline -0.003 -17"><span class='ocrx_word' id='word_1_40' title='bbox 292 966 417 1029; x_wconf 90' lang='lat' dir='ltr'><strong>Dei</strong></span> <span class='ocrx_word' id='word_1_41' title='bbox 476 962 847 1045; x_wconf 86' lang='lat' dir='ltr'><strong>servitium,</strong></span> <span class='ocrx_word' id='word_1_42' title='bbox 910 969 980 1024; x_wconf 91' lang='lat' dir='ltr'><strong>ut</strong></span> <span class='ocrx_word' id='word_1_43' title='bbox 1038 959 1195 1024; x_wconf 80' lang='lat' dir='ltr'><strong>dicit</strong></span> <span class='ocrx_word' id='word_1_44' title='bbox 1251 965 1485 1027; x_wconf 85' lang='lat' dir='ltr'><strong>beatus</strong></span> <span class='ocrx_word' id='word_1_45' title='bbox 1522 962 1919 1045; x_wconf 81' lang='lat' dir='ltr'><strong>Jeronymus</strong></span> <span class='ocrx_word' id='word_1_46' title='bbox 1971 960 2055 1024; x_wconf 81' lang='lat' dir='ltr'><strong>de</strong></span> <span class='ocrx_word' id='word_1_47' title='bbox 2107 958 2625 1044; x_wconf 80' lang='lat' dir='ltr'><strong>peregrinatione</strong></span> 
     </span>
     <span class='ocr_line' id='line_1_8' title="bbox 294 1066 674 1132; baseline 0.003 -1"><span class='ocrx_word' id='word_1_48' title='bbox 294 1067 365 1131; x_wconf 87' lang='lat' dir='ltr'><strong>S.</strong></span> <span class='ocrx_word' id='word_1_49' title='bbox 411 1066 674 1132; x_wconf 81' lang='lat' dir='ltr'><strong>Paulae.</strong></span> 
     </span>
    </p>

    <p class='ocr_par' dir='ltr' id='par_1_3' title="bbox 292 1165 2669 1985">
     <span class='ocr_line' id='line_1_9' title="bbox 459 1165 2622 1252; baseline -0.004 -15"><span class='ocrx_word' id='word_1_50' title='bbox 459 1173 697 1237; x_wconf 75' lang='lat' dir='ltr'><strong>Finitis</strong></span> <span class='ocrx_word' id='word_1_51' title='bbox 736 1172 956 1252; x_wconf 84' lang='lat' dir='ltr'><strong>itaque</strong></span> <span class='ocrx_word' id='word_1_52' title='bbox 998 1168 1393 1234; x_wconf 84' lang='lat' dir='ltr'><strong>orationibus</strong></span> <span class='ocrx_word' id='word_1_53' title='bbox 1435 1168 1521 1232; x_wconf 83' lang='lat' dir='ltr'><strong>de</strong></span> <span class='ocrx_word' id='word_1_54' title='bbox 1559 1184 1763 1252; x_wconf 85' lang='lat' dir='ltr'><strong>specu</strong></span> <span class='ocrx_word' id='word_1_55' title='bbox 1811 1170 2271 1235; x_wconf 81' lang='lat' dir='ltr'><strong>adscendimus</strong></span> <span class='ocrx_word' id='word_1_56' title='bbox 2315 1177 2383 1232; x_wconf 83' lang='lat' dir='ltr'><strong>et</strong></span> <span class='ocrx_word' id='word_1_57' title='bbox 2429 1165 2622 1231; x_wconf 82' lang='lat' dir='ltr'><strong>finem</strong></span> 
     </span>
     <span class='ocr_line' id='line_1_10' title="bbox 292 1270 2627 1362; baseline -0.003 -20"><span class='ocrx_word' id='word_1_58' title='bbox 292 1270 691 1362; x_wconf 80' lang='lat' dir='ltr'><strong>processioni</strong></span> <span class='ocrx_word' id='word_1_59' title='bbox 734 1275 1026 1339; x_wconf 80' lang='lat' dir='ltr'><strong>fecimus.</strong></span> <span class='ocrx_word' id='word_1_60' title='bbox 1112 1274 1406 1357; x_wconf 75' lang='lat' dir='ltr'><strong>Ingressi</strong></span> <span class='ocrx_word' id='word_1_61' title='bbox 1468 1282 1684 1338; x_wconf 88' lang='lat' dir='ltr'><strong>autem</strong></span> <span class='ocrx_word' id='word_1_62' title='bbox 1725 1278 2034 1340; x_wconf 81' lang='lat' dir='ltr'><strong>ambitum</strong></span> <span class='ocrx_word' id='word_1_63' title='bbox 2081 1275 2442 1339; x_wconf 74' lang='lat' dir='ltr'><strong>locavimus</strong></span> <span class='ocrx_word' id='word_1_64' title='bbox 2501 1289 2627 1336; x_wconf 79' lang='lat' dir='ltr'><strong>nos</strong></span> 
     </span>
     <span class='ocr_line' id='line_1_11' title="bbox 292 1375 2625 1466; baseline -0.003 -20"><span class='ocrx_word' id='word_1_65' title='bbox 292 1400 410 1466; x_wconf 88' lang='lat' dir='ltr'><strong>per</strong></span> <span class='ocrx_word' id='word_1_66' title='bbox 450 1381 838 1462; x_wconf 73' lang='lat' dir='ltr'><strong>societates,</strong></span> <span class='ocrx_word' id='word_1_67' title='bbox 903 1386 968 1441; x_wconf 88' lang='lat' dir='ltr'><strong>et</strong></span> <span class='ocrx_word' id='word_1_68' title='bbox 1011 1396 1124 1462; x_wconf 87' lang='lat' dir='ltr'><strong>ea,</strong></span> <span class='ocrx_word' id='word_1_69' title='bbox 1178 1395 1350 1460; x_wconf 84' lang='lat' dir='ltr'><strong>qnae</strong></span> <span class='ocrx_word' id='word_1_70' title='bbox 1400 1375 1482 1440; x_wconf 82' lang='lat' dir='ltr'><strong>de</strong></span> <span class='ocrx_word' id='word_1_71' title='bbox 1519 1377 1885 1444; x_wconf 75' lang='lat' dir='ltr'><strong>Jerusalem</strong></span> <span class='ocrx_word' id='word_1_72' title='bbox 1930 1382 1997 1444; x_wconf 91' lang='lat' dir='ltr'><strong>in</strong></span> <span class='ocrx_word' id='word_1_73' title='bbox 2042 1379 2329 1444; x_wconf 82' lang='lat' dir='ltr'><strong>sacculis</strong></span> <span class='ocrx_word' id='word_1_74' title='bbox 2385 1376 2625 1440; x_wconf 85' lang='lat' dir='ltr'><strong>nostris</strong></span> 
     </span>
     <span class='ocr_line' id='line_1_12' title="bbox 293 1482 2669 1569; baseline -0.003 -19"><span class='ocrx_word' id='word_1_75' title='bbox 293 1485 788 1569; x_wconf 77' lang='lat' dir='ltr'><strong>asportavimus,</strong></span> <span class='ocrx_word' id='word_1_76' title='bbox 830 1483 1275 1566; x_wconf 81' lang='lat' dir='ltr'><strong>produximus,</strong></span> <span class='ocrx_word' id='word_1_77' title='bbox 1319 1490 1383 1544; x_wconf 90' lang='lat' dir='ltr'><strong>et</strong></span> <span class='ocrx_word' id='word_1_78' title='bbox 1425 1483 1845 1567; x_wconf 77' lang='lat' dir='ltr'><strong>comedimus,</strong></span> <span class='ocrx_word' id='word_1_79' title='bbox 1887 1493 1955 1547; x_wconf 81' lang='lat' dir='ltr'><strong>et</strong></span> <span class='ocrx_word' id='word_1_80' title='bbox 1995 1483 2079 1547; x_wconf 81' lang='lat' dir='ltr'><strong>de</strong></span> <span class='ocrx_word' id='word_1_81' title='bbox 2120 1502 2287 1566; x_wconf 83' lang='lat' dir='ltr'><strong>aqua</strong></span> <span class='ocrx_word' id='word_1_82' title='bbox 2326 1482 2623 1545; x_wconf 84' lang='lat' dir='ltr'><strong>bibimus.</strong></span> <span class='ocrx_word' id='word_1_83' title='bbox 2664 1534 2669 1542; x_wconf 92' lang='lat'><strong>.</strong></span> 
     </span>
     <span class='ocr_line' id='line_1_13' title="bbox 295 1586 2663 1675; baseline -0.003 -21"><span class='ocrx_word' id='word_1_84' title='bbox 295 1590 464 1657; x_wconf 84' lang='lat' dir='ltr'><strong>Sunt</strong></span> <span class='ocrx_word' id='word_1_85' title='bbox 505 1596 722 1653; x_wconf 81' lang='lat' dir='ltr'><strong>autem</strong></span> <span class='ocrx_word' id='word_1_86' title='bbox 767 1606 975 1670; x_wconf 87' lang='lat' dir='ltr'><strong>aquae</strong></span> <span class='ocrx_word' id='word_1_87' title='bbox 1010 1587 1434 1650; x_wconf 83' lang='lat' dir='ltr'><strong>cisternarum</strong></span> <span class='ocrx_word' id='word_1_88' title='bbox 1469 1586 1851 1651; x_wconf 85' lang='lat' dir='ltr'><strong>Bethlehem</strong></span> <span class='ocrx_word' id='word_1_89' title='bbox 1892 1587 2256 1675; x_wconf 77' lang='lat' dir='ltr'><strong>frigidores,</strong></span> <span class='ocrx_word' id='word_1_90' title='bbox 2297 1586 2624 1668; x_wconf 87' lang='lat' dir='ltr'><strong>clariores,</strong></span> <span class='ocrx_word' id='word_1_91' title='bbox 2655 1638 2663 1648; x_wconf 89' lang='lat'><strong>.</strong></span> 
     </span>
     <span class='ocr_line' id='line_1_14' title="bbox 294 1690 2625 1776; baseline -0.003 -17"><span class='ocrx_word' id='word_1_92' title='bbox 294 1695 589 1759; x_wconf 79' lang='lat' dir='ltr'><strong>saniores</strong></span> <span class='ocrx_word' id='word_1_93' title='bbox 631 1698 700 1755; x_wconf 86' lang='lat' dir='ltr'><strong>et</strong></span> <span class='ocrx_word' id='word_1_94' title='bbox 741 1690 1101 1774; x_wconf 81' lang='lat' dir='ltr'><strong>dulciores,</strong></span> <span class='ocrx_word' id='word_1_95' title='bbox 1158 1708 1351 1773; x_wconf 83' lang='lat' dir='ltr'><strong>quam</strong></span> <span class='ocrx_word' id='word_1_96' title='bbox 1394 1702 1702 1776; x_wconf 79' lang='lat' dir='ltr'><strong>umquam</strong></span> <span class='ocrx_word' id='word_1_97' title='bbox 1753 1692 2026 1757; x_wconf 87' lang='lat' dir='ltr'><strong>viderim</strong></span> <span class='ocrx_word' id='word_1_98' title='bbox 2069 1696 2139 1755; x_wconf 86' lang='lat' dir='ltr'><strong>in</strong></span> <span class='ocrx_word' id='word_1_99' title='bbox 2200 1692 2418 1775; x_wconf 83' lang='lat' dir='ltr'><strong>aliquo</strong></span> <span class='ocrx_word' id='word_1_100' title='bbox 2480 1690 2625 1753; x_wconf 87' lang='lat' dir='ltr'><strong>loco</strong></span> 
     </span>
     <span class='ocr_line' id='line_1_15' title="bbox 294 1795 2663 1880; baseline -0.004 -17"><span class='ocrx_word' id='word_1_101' title='bbox 294 1799 739 1863; x_wconf 57' lang='lat' dir='ltr'><strong>transmarino.</strong></span> <span class='ocrx_word' id='word_1_102' title='bbox 837 1796 940 1859; x_wconf 88' lang='lat' dir='ltr'><strong>De</strong></span> <span class='ocrx_word' id='word_1_103' title='bbox 982 1795 1084 1858; x_wconf 89' lang='lat' dir='ltr'><strong>his</strong></span> <span class='ocrx_word' id='word_1_104' title='bbox 1145 1796 1338 1880; x_wconf 82' lang='lat' dir='ltr'><strong>aquis</strong></span> <span class='ocrx_word' id='word_1_105' title='bbox 1403 1799 1472 1858; x_wconf 88' lang='lat' dir='ltr'><strong>in</strong></span> <span class='ocrx_word' id='word_1_106' title='bbox 1534 1796 1933 1861; x_wconf 83' lang='lat' dir='ltr'><strong>abundantia</strong></span> <span class='ocrx_word' id='word_1_107' title='bbox 1990 1798 2331 1861; x_wconf 85' lang='lat' dir='ltr'><strong>habuimus</strong></span> <span class='ocrx_word' id='word_1_108' title='bbox 2395 1796 2663 1878; x_wconf 78' lang='lat' dir='ltr'><strong>gratis..</strong></span> 
     </span>
     <span class='ocr_line' id='line_1_16' title="bbox 293 1900 2627 1985; baseline -0.003 -17"><span class='ocrx_word' id='word_1_109' title='bbox 293 1903 571 1968; x_wconf 85' lang='lat' dir='ltr'><strong>Videtur</strong></span> <span class='ocrx_word' id='word_1_110' title='bbox 612 1902 780 1964; x_wconf 87' lang='lat' dir='ltr'><strong>enim</strong></span> <span class='ocrx_word' id='word_1_111' title='bbox 824 1900 1184 1985; x_wconf 78' lang='lat' dir='ltr'><strong>peregrinis</strong></span> <span class='ocrx_word' id='word_1_112' title='bbox 1228 1901 1521 1965; x_wconf 81' lang='lat' dir='ltr'><strong>omnibus</strong></span> <span class='ocrx_word' id='word_1_113' title='bbox 1563 1902 1761 1966; x_wconf 86' lang='lat' dir='ltr'><strong>labor.</strong></span> <span class='ocrx_word' id='word_1_114' title='bbox 1787 1902 2172 1984; x_wconf 85' lang='lat' dir='ltr'><strong>tolerabilis,</strong></span> <span class='ocrx_word' id='word_1_115' title='bbox 2212 1900 2389 1964; x_wconf 59' lang='lat' dir='ltr'><strong>‘dum</strong></span> <span class='ocrx_word' id='word_1_116' title='bbox 2455 1916 2627 1982; x_wconf 84' lang='lat' dir='ltr'><strong>aqua</strong></span> 
     </span>
    </p>
   </div>
   <div class='ocr_carea' id='block_1_3' title="bbox 297 2004 2733 2089">
    <p class='ocr_par' dir='ltr' id='par_1_4' title="bbox 297 2004 2733 2089">
     <span class='ocr_line' id='line_1_17' title="bbox 297 2004 2733 2089; baseline -0.004 -16"><span class='ocrx_word' id='word_1_117' title='bbox 297 2026 526 2072; x_wconf 86' lang='lat' dir='ltr'><strong>recens</strong></span> <span class='ocrx_word' id='word_1_118' title='bbox 567 2006 872 2087; x_wconf 83' lang='lat' dir='ltr'><strong>habetur3</strong></span> <span class='ocrx_word' id='word_1_119' title='bbox 916 2004 1156 2067; x_wconf 86' lang='lat' dir='ltr'><strong>nullam</strong></span> <span class='ocrx_word' id='word_1_120' title='bbox 1200 2006 1438 2070; x_wconf 82' lang='lat' dir='ltr'><strong>habent</strong></span> <span class='ocrx_word' id='word_1_121' title='bbox 1483 2009 1926 2089; x_wconf 86' lang='lat' dir='ltr'><strong>quaestionem</strong></span> <span class='ocrx_word' id='word_1_122' title='bbox 1969 2006 2052 2070; x_wconf 81' lang='lat' dir='ltr'><strong>de</strong></span> <span class='ocrx_word' id='word_1_123' title='bbox 2091 2006 2354 2070; x_wconf 84' lang='lat' dir='ltr'><strong>cibariis</strong></span> <span class='ocrx_word' id='word_1_124' title='bbox 2396 2005 2623 2084; x_wconf 81' lang='lat' dir='ltr'><strong>coetis,</strong></span> <span class='ocrx_word' id='word_1_125' title='bbox 2720 2010 2733 2023; x_wconf 81' lang='grc'><strong>“</strong></span> 
     </span>
    </p>
   </div>
   <div class='ocr_carea' id='block_1_4' title="bbox 297 2107 2635 2704">
    <p class='ocr_par' dir='ltr' id='par_1_5' title="bbox 297 2107 2635 2704">
     <span class='ocr_line' id='line_1_18' title="bbox 298 2107 2625 2195; baseline -0.002 -20"><span class='ocrx_word' id='word_1_126' title='bbox 298 2130 422 2175; x_wconf 91' lang='lat' dir='ltr'><strong>nec</strong></span> <span class='ocrx_word' id='word_1_127' title='bbox 463 2111 549 2175; x_wconf 81' lang='lat' dir='ltr'><strong>de</strong></span> <span class='ocrx_word' id='word_1_128' title='bbox 583 2111 770 2191; x_wconf 87' lang='lat' dir='ltr'><strong>vino,</strong></span> <span class='ocrx_word' id='word_1_129' title='bbox 827 2126 954 2171; x_wconf 86' lang='lat' dir='ltr'><strong>nec</strong></span> <span class='ocrx_word' id='word_1_130' title='bbox 996 2107 1078 2171; x_wconf 88' lang='lat' dir='ltr'><strong>de</strong></span> <span class='ocrx_word' id='word_1_131' title='bbox 1120 2109 1575 2195; x_wconf 85' lang='lat' dir='ltr'><strong>lectisterniis,</strong></span> <span class='ocrx_word' id='word_1_132' title='bbox 1627 2130 1750 2175; x_wconf 90' lang='lat' dir='ltr'><strong>nec</strong></span> <span class='ocrx_word' id='word_1_133' title='bbox 1813 2111 1897 2175; x_wconf 81' lang='lat' dir='ltr'><strong>de</strong></span> <span class='ocrx_word' id='word_1_134' title='bbox 1959 2110 2105 2177; x_wconf 85' lang='lat' dir='ltr'><strong>aliis</strong></span> <span class='ocrx_word' id='word_1_135' title='bbox 2160 2118 2262 2174; x_wconf 82' lang='lat' dir='ltr'><strong>est</strong></span> <span class='ocrx_word' id='word_1_136' title='bbox 2305 2109 2625 2191; x_wconf 81' lang='lat' dir='ltr'><strong>quaestio,</strong></span> 
     </span>
     <span class='ocr_line' id='line_1_19' title="bbox 297 2212 2626 2297; baseline -0.003 -17"><span class='ocrx_word' id='word_1_137' title='bbox 297 2217 442 2280; x_wconf 86' lang='lat' dir='ltr'><strong>nisl&#39;</strong></span> <span class='ocrx_word' id='word_1_138' title='bbox 470 2214 552 2278; x_wconf 87' lang='lat' dir='ltr'><strong>de</strong></span> <span class='ocrx_word' id='word_1_139' title='bbox 575 2230 764 2297; x_wconf 72' lang='lat' dir='ltr'><strong>&#39;aqua</strong></span> <span class='ocrx_word' id='word_1_140' title='bbox 807 2212 1038 2294; x_wconf 79' lang='lat' dir='ltr'><strong>frigida</strong></span> <span class='ocrx_word' id='word_1_141' title='bbox 1079 2223 1146 2276; x_wconf 84' lang='lat' dir='ltr'><strong>et</strong></span> <span class='ocrx_word' id='word_1_142' title='bbox 1208 2232 1389 2283; x_wconf 85' lang='lat' dir='ltr'><strong>sana.</strong></span> <span class='ocrx_word' id='word_1_143' title='bbox 1477 2217 1712 2284; x_wconf 84' lang='lat' dir='ltr'><strong>Sumto</strong></span> <span class='ocrx_word' id='word_1_144' title='bbox 1756 2232 1913 2297; x_wconf 84' lang='lat' dir='ltr'><strong>ergo</strong></span> <span class='ocrx_word' id='word_1_145' title='bbox 1956 2215 2103 2277; x_wconf 89' lang='lat' dir='ltr'><strong>cibo</strong></span> <span class='ocrx_word' id='word_1_146' title='bbox 2144 2220 2214 2276; x_wconf 82' lang='lat' dir='ltr'><strong>et</strong></span> <span class='ocrx_word' id='word_1_147' title='bbox 2266 2219 2424 2294; x_wconf 88' lang='lat' dir='ltr'><strong>potu</strong></span> <span class='ocrx_word' id='word_1_148' title='bbox 2475 2212 2626 2293; x_wconf 82' lang='lat' dir='ltr'><strong>qui-</strong></span> 
     </span>
     <span class='ocr_line' id='line_1_20' title="bbox 298 2315 2625 2403; baseline -0.002 -20"><span class='ocrx_word' id='word_1_149' title='bbox 298 2319 444 2383; x_wconf 81' lang='lat' dir='ltr'><strong>dam</strong></span> <span class='ocrx_word' id='word_1_150' title='bbox 487 2319 757 2401; x_wconf 85' lang='lat' dir='ltr'><strong>inlocis,</strong></span> <span class='ocrx_word' id='word_1_151' title='bbox 799 2318 912 2380; x_wconf 84' lang='lat' dir='ltr'><strong>ubi</strong></span> <span class='ocrx_word' id='word_1_152' title='bbox 942 2318 1376 2403; x_wconf 74' lang='lat' dir='ltr'><strong>comederant,</strong></span> <span class='ocrx_word' id='word_1_153' title='bbox 1420 2323 1714 2387; x_wconf 83' lang='lat' dir='ltr'><strong>collectis</strong></span> <span class='ocrx_word' id='word_1_154' title='bbox 1736 2320 2037 2383; x_wconf 86' lang='lat' dir='ltr'><strong>membris</strong></span> <span class='ocrx_word' id='word_1_155' title='bbox 2067 2316 2147 2381; x_wconf 81' lang='lat' dir='ltr'><strong>ad</strong></span> <span class='ocrx_word' id='word_1_156' title='bbox 2186 2315 2625 2380; x_wconf 79' lang='lat' dir='ltr'><strong>dormiendum</strong></span> 
     </span>
     <span class='ocr_line' id='line_1_21' title="bbox 298 2421 2627 2510; baseline -0.002 -22"><span class='ocrx_word' id='word_1_157' title='bbox 298 2443 374 2488; x_wconf 89' lang='lat' dir='ltr'><strong>se</strong></span> <span class='ocrx_word' id='word_1_158' title='bbox 416 2425 814 2504; x_wconf 86' lang='lat' dir='ltr'><strong>locaverunt,</strong></span> <span class='ocrx_word' id='word_1_159' title='bbox 857 2424 1060 2505; x_wconf 84' lang='lat' dir='ltr'><strong>major</strong></span> <span class='ocrx_word' id='word_1_160' title='bbox 1110 2433 1326 2486; x_wconf 88' lang='lat' dir='ltr'><strong>tamen</strong></span> <span class='ocrx_word' id='word_1_161' title='bbox 1365 2444 1520 2509; x_wconf 83' lang='lat' dir='ltr'><strong>pars</strong></span> <span class='ocrx_word' id='word_1_162' title='bbox 1561 2433 1785 2510; x_wconf 85' lang='lat' dir='ltr'><strong>spreta</strong></span> <span class='ocrx_word' id='word_1_163' title='bbox 1827 2424 2048 2508; x_wconf 84' lang='lat' dir='ltr'><strong>quiete</strong></span> <span class='ocrx_word' id='word_1_164' title='bbox 2091 2421 2442 2504; x_wconf 78' lang='lat' dir='ltr'><strong>reingressi</strong></span> <span class='ocrx_word' id='word_1_165' title='bbox 2461 2422 2627 2501; x_wconf 65' lang='lat' dir='ltr'><strong>{sunt</strong></span> 
     </span>
     <span class='ocr_line' id='line_1_22' title="bbox 299 2525 2635 2615; baseline -0.003 -22"><span class='ocrx_word' id='word_1_166' title='bbox 299 2529 641 2593; x_wconf 81' lang='lat' dir='ltr'><strong>ecclesiam</strong></span> <span class='ocrx_word' id='word_1_167' title='bbox 686 2535 752 2589; x_wconf 87' lang='lat' dir='ltr'><strong>et</strong></span> <span class='ocrx_word' id='word_1_168' title='bbox 794 2535 1060 2590; x_wconf 78' lang='lat' dir='ltr'><strong>sanatas</strong></span> <span class='ocrx_word' id='word_1_169' title='bbox 1101 2527 1363 2611; x_wconf 58' lang='lat' dir='ltr'><strong>vigilias</strong></span> <span class='ocrx_word' id='word_1_170' title='bbox 1399 2529 1589 2612; x_wconf 82' lang='lat' dir='ltr'><strong>juxta</strong></span> <span class='ocrx_word' id='word_1_171' title='bbox 1630 2547 1950 2615; x_wconf 78' lang='lat' dir='ltr'><strong>praesepe</strong></span> <span class='ocrx_word' id='word_1_172' title='bbox 1987 2526 2244 2591; x_wconf 86' lang='lat' dir='ltr'><strong>Domini</strong></span> <span class='ocrx_word' id='word_1_173' title='bbox 2283 2525 2635 2595; x_wconf 23' lang='lat' dir='ltr'><strong>continua-1</strong></span> 
     </span>
     <span class='ocr_line' id='line_1_23' title="bbox 298 2632 1276 2704; baseline -0.001 -6"><span class='ocrx_word' id='word_1_174' title='bbox 298 2635 458 2698; x_wconf 87' lang='lat' dir='ltr'><strong>bant</strong></span> <span class='ocrx_word' id='word_1_175' title='bbox 498 2632 896 2697; x_wconf 83' lang='lat' dir='ltr'><strong>orationibus</strong></span> <span class='ocrx_word' id='word_1_176' title='bbox 937 2642 1276 2704; x_wconf 81' lang='lat' dir='ltr'><strong>vacantes.</strong></span> 
     </span>
    </p>
   </div>
   <div class='ocr_carea' id='block_1_5' title="bbox 298 2848 2626 2975">
    <p class='ocr_par' dir='ltr' id='par_1_6' title="bbox 298 2848 2626 2975">
     <span class='ocr_line' id='line_1_24' title="bbox 298 2848 2626 2975; baseline -0.002 -47"><span class='ocrx_word' id='word_1_177' title='bbox 298 2852 417 2928; x_wconf 90' lang='lat' dir='ltr'><strong>De</strong></span> <span class='ocrx_word' id='word_1_178' title='bbox 462 2849 705 2927; x_wconf 83' lang='lat' dir='ltr'><strong>divino</strong></span> <span class='ocrx_word' id='word_1_179' title='bbox 753 2850 1019 2928; x_wconf 87' lang='lat' dir='ltr'><strong>Officio</strong></span> <span class='ocrx_word' id='word_1_180' title='bbox 1069 2853 1142 2928; x_wconf 89' lang='lat' dir='ltr'><strong>in</strong></span> <span class='ocrx_word' id='word_1_181' title='bbox 1191 2851 1624 2928; x_wconf 82' lang='lat' dir='ltr'><strong>Bethlehem</strong></span> <span class='ocrx_word' id='word_1_182' title='bbox 1676 2853 2071 2944; x_wconf 82' lang='lat' dir='ltr'><strong>celebrato,</strong></span> <span class='ocrx_word' id='word_1_183' title='bbox 2124 2861 2202 2927; x_wconf 83' lang='lat' dir='ltr'><strong>et</strong></span> <span class='ocrx_word' id='word_1_184' title='bbox 2216 2850 2342 2975; x_wconf 40' lang='lat' dir='ltr'><strong>‘de</strong></span> <span class='ocrx_word' id='word_1_185' title='bbox 2390 2848 2626 2924; x_wconf 81' lang='lat' dir='ltr'><strong>Missa</strong></span> 
     </span>
    </p>
   </div>
   <div class='ocr_carea' id='block_1_6' title="bbox 1306 2997 1600 3049">
    <p class='ocr_par' dir='ltr' id='par_1_7' title="bbox 1306 2997 1600 3049">
     <span class='ocr_line' id='line_1_25' title="bbox 1306 2997 1600 3049; baseline -0.007 0"><span class='ocrx_word' id='word_1_186' title='bbox 1306 2997 1600 3049; x_wconf 74' lang='grc'><strong>8111111118.</strong></span> 
     </span>
    </p>
   </div>
   <div class='ocr_carea' id='block_1_7' title="bbox 299 3154 2643 4389">
    <p class='ocr_par' dir='ltr' id='par_1_8' title="bbox 299 3154 2643 4389">
     <span class='ocr_line' id='line_1_26' title="bbox 465 3154 2623 3242; baseline -0.002 -23"><span class='ocrx_word' id='word_1_187' title='bbox 465 3154 690 3219; x_wconf 77' lang='lat' dir='ltr'><strong>Media</strong></span> <span class='ocrx_word' id='word_1_188' title='bbox 751 3162 944 3217; x_wconf 89' lang='lat' dir='ltr'><strong>nocte</strong></span> <span class='ocrx_word' id='word_1_189' title='bbox 993 3155 1273 3217; x_wconf 72' lang='lat' dir='ltr'><strong>sacrista</strong></span> <span class='ocrx_word' id='word_1_190' title='bbox 1325 3171 1472 3218; x_wconf 89' lang='lat' dir='ltr'><strong>cum</strong></span> <span class='ocrx_word' id='word_1_191' title='bbox 1531 3155 1745 3219; x_wconf 80' lang='lat' dir='ltr'><strong>tabula</strong></span> <span class='ocrx_word' id='word_1_192' title='bbox 1812 3160 2093 3223; x_wconf 75' lang='lat' dir='ltr'><strong>cucurrit</strong></span> <span class='ocrx_word' id='word_1_193' title='bbox 2150 3173 2267 3242; x_wconf 89' lang='lat' dir='ltr'><strong>per</strong></span> <span class='ocrx_word' id='word_1_194' title='bbox 2319 3154 2623 3216; x_wconf 79' lang='lat' dir='ltr'><strong>ambitum</strong></span> 
     </span>
     <span class='ocr_line' id='line_1_27' title="bbox 302 3256 2626 3343; baseline -0 -23"><span class='ocrx_word' id='word_1_195' title='bbox 302 3266 369 3321; x_wconf 83' lang='lat' dir='ltr'><strong>et</strong></span> <span class='ocrx_word' id='word_1_196' title='bbox 413 3256 805 3322; x_wconf 81' lang='lat' dir='ltr'><strong>dormientes</strong></span> <span class='ocrx_word' id='word_1_197' title='bbox 846 3258 927 3322; x_wconf 81' lang='lat' dir='ltr'><strong>ad</strong></span> <span class='ocrx_word' id='word_1_198' title='bbox 974 3259 1347 3322; x_wconf 83' lang='lat' dir='ltr'><strong>matutinale</strong></span> <span class='ocrx_word' id='word_1_199' title='bbox 1390 3259 1691 3323; x_wconf 83' lang='lat' dir='ltr'><strong>Officium</strong></span> <span class='ocrx_word' id='word_1_200' title='bbox 1751 3259 2113 3343; x_wconf 82' lang='lat' dir='ltr'><strong>excitavit,.</strong></span> <span class='ocrx_word' id='word_1_201' title='bbox 2158 3258 2331 3343; x_wconf 82' lang='lat' dir='ltr'><strong>quod</strong></span> <span class='ocrx_word' id='word_1_202' title='bbox 2393 3259 2626 3321; x_wconf 74' lang='lat' dir='ltr'><strong>fratres</strong></span> 
     </span>
     <span class='ocr_line' id='line_1_28' title="bbox 301 3361 2643 3449; baseline -0.002 -24"><span class='ocrx_word' id='word_1_203' title='bbox 301 3367 386 3426; x_wconf 76' lang='lat' dir='ltr'><strong>in·</strong></span> <span class='ocrx_word' id='word_1_204' title='bbox 428 3366 631 3447; x_wconf 85' lang='lat' dir='ltr'><strong>specu</strong></span> <span class='ocrx_word' id='word_1_205' title='bbox 685 3363 1046 3429; x_wconf 83' lang='lat' dir='ltr'><strong>nativitatis</strong></span> <span class='ocrx_word' id='word_1_206' title='bbox 1110 3362 1448 3447; x_wconf 83' lang='lat' dir='ltr'><strong>legerunt,</strong></span> <span class='ocrx_word' id='word_1_207' title='bbox 1507 3364 1872 3449; x_wconf 64' lang='grc' dir='ltr'><strong>(μισ-1111110</strong></span> <span class='ocrx_word' id='word_1_208' title='bbox 1910 3366 2294 3448; x_wconf 80' lang='lat' dir='ltr'><strong>&#39;incepimus</strong></span> <span class='ocrx_word' id='word_1_209' title='bbox 2357 3361 2643 3426; x_wconf 86' lang='lat' dir='ltr'><strong>solenne·</strong></span> 
     </span>
     <span class='ocr_line' id='line_1_29' title="bbox 304 3466 2627 3553; baseline -0.001 -23"><span class='ocrx_word' id='word_1_210' title='bbox 304 3466 639 3531; x_wconf 82' lang='lat' dir='ltr'><strong>Officium:</strong></span> <span class='ocrx_word' id='word_1_211' title='bbox 699 3468 1013 3531; x_wconf 86' lang='lat' dir='ltr'><strong>Dominus</strong></span> <span class='ocrx_word' id='word_1_212' title='bbox 1055 3466 1218 3529; x_wconf 79' lang='lat' dir='ltr'><strong>dixit</strong></span> <span class='ocrx_word' id='word_1_213' title='bbox 1259 3468 1341 3535; x_wconf 84' lang='lat' dir='ltr'><strong>ad</strong></span> <span class='ocrx_word' id='word_1_214' title='bbox 1386 3488 1489 3532; x_wconf 93' lang='lat' dir='ltr'><strong>me</strong></span> <span class='ocrx_word' id='word_1_215' title='bbox 1531 3479 1678 3553; x_wconf 87' lang='lat' dir='ltr'><strong>etc.,</strong></span> <span class='ocrx_word' id='word_1_216' title='bbox 1721 3466 1897 3552; x_wconf 83' lang='lat' dir='ltr'><strong>quod</strong></span> <span class='ocrx_word' id='word_1_217' title='bbox 1946 3486 2063 3549; x_wconf 87' lang='lat' dir='ltr'><strong>per</strong></span> <span class='ocrx_word' id='word_1_218' title='bbox 2116 3466 2429 3530; x_wconf 77' lang='lat' dir='ltr'><strong>mundum</strong></span> <span class='ocrx_word' id='word_1_219' title='bbox 2464 3482 2627 3528; x_wconf 86' lang='lat' dir='ltr'><strong>can-</strong></span> 
     </span>
     <span class='ocr_line' id='line_1_30' title="bbox 302 3566 2643 3656; baseline -0.001 -22"><span class='ocrx_word' id='word_1_220' title='bbox 302 3577 476 3634; x_wconf 83' lang='lat' dir='ltr'><strong>tatur</strong></span> <span class='ocrx_word' id='word_1_221' title='bbox 512 3575 579 3634; x_wconf 86' lang='lat' dir='ltr'><strong>in</strong></span> <span class='ocrx_word' id='word_1_222' title='bbox 640 3579 831 3635; x_wconf 88' lang='lat' dir='ltr'><strong>nocte</strong></span> <span class='ocrx_word' id='word_1_223' title='bbox 888 3571 1249 3634; x_wconf 83' lang='lat' dir='ltr'><strong>nativitatis</strong></span> <span class='ocrx_word' id='word_1_224' title='bbox 1291 3571 1556 3637; x_wconf 80' lang='lat' dir='ltr'><strong>Christi.</strong></span> <span class='ocrx_word' id='word_1_225' title='bbox 1628 3574 1729 3635; x_wconf 62' lang='lat' dir='ltr'><strong>{ct</strong></span> <span class='ocrx_word' id='word_1_226' title='bbox 1784 3573 2144 3656; x_wconf 55' lang='lat' dir='ltr'><strong>precessit</strong></span> <span class='ocrx_word' id='word_1_227' title='bbox 2207 3580 2393 3656; x_wconf 88' lang='lat' dir='ltr'><strong>pater</strong></span> <span class='ocrx_word' id='word_1_228' title='bbox 2447 3566 2643 3633; x_wconf 69' lang='lat' dir='ltr'><strong>Gar-</strong></span> 
     </span>
     <span class='ocr_line' id='line_1_31' title="bbox 301 3674 2626 3759; baseline -0.001 -20"><span class='ocrx_word' id='word_1_229' title='bbox 301 3675 532 3739; x_wconf 84' lang='lat' dir='ltr'><strong>dianus</strong></span> <span class='ocrx_word' id='word_1_230' title='bbox 573 3693 719 3743; x_wconf 88' lang='lat' dir='ltr'><strong>cum</strong></span> <span class='ocrx_word' id='word_1_231' title='bbox 760 3678 904 3743; x_wconf 79' lang='lat' dir='ltr'><strong>suis</strong></span> <span class='ocrx_word' id='word_1_232' title='bbox 945 3674 1278 3756; x_wconf 86' lang='lat' dir='ltr'><strong>ministris,</strong></span> <span class='ocrx_word' id='word_1_233' title='bbox 1322 3676 1526 3740; x_wconf 81' lang='lat' dir='ltr'><strong>induti</strong></span> <span class='ocrx_word' id='word_1_234' title='bbox 1555 3679 1799 3759; x_wconf 65' lang='grc' dir='ltr'><strong>,εισι-18,</strong></span> <span class='ocrx_word' id='word_1_235' title='bbox 1845 3676 1931 3739; x_wconf 83' lang='lat' dir='ltr'><strong>ad</strong></span> <span class='ocrx_word' id='word_1_236' title='bbox 1961 3677 2166 3741; x_wconf 86' lang='lat' dir='ltr'><strong>altare</strong></span> <span class='ocrx_word' id='word_1_237' title='bbox 2186 3692 2383 3759; x_wconf 83' lang='lat' dir='ltr'><strong>super</strong></span> <span class='ocrx_word' id='word_1_238' title='bbox 2415 3675 2626 3738; x_wconf 88' lang='lat' dir='ltr'><strong>locum</strong></span> 
     </span>
     <span class='ocr_line' id='line_1_32' title="bbox 300 3778 2624 3864; baseline -0.001 -20"><span class='ocrx_word' id='word_1_239' title='bbox 300 3781 662 3845; x_wconf 73' lang='lat' dir='ltr'><strong>nativitatis</strong></span> <span class='ocrx_word' id='word_1_240' title='bbox 703 3779 979 3861; x_wconf 86' lang='lat' dir='ltr'><strong>Christi,</strong></span> <span class='ocrx_word' id='word_1_241' title='bbox 1041 3786 1106 3840; x_wconf 89' lang='lat' dir='ltr'><strong>et</strong></span> <span class='ocrx_word' id='word_1_242' title='bbox 1147 3778 1240 3841; x_wconf 88' lang='lat' dir='ltr'><strong>ita</strong></span> <span class='ocrx_word' id='word_1_243' title='bbox 1289 3781 1356 3842; x_wconf 88' lang='lat' dir='ltr'><strong>in</strong></span> <span class='ocrx_word' id='word_1_244' title='bbox 1399 3788 1602 3864; x_wconf 84' lang='lat' dir='ltr'><strong>specu</strong></span> <span class='ocrx_word' id='word_1_245' title='bbox 1645 3782 1932 3847; x_wconf 73' lang='lat' dir='ltr'><strong>officIum</strong></span> <span class='ocrx_word' id='word_1_246' title='bbox 1977 3783 2400 3850; x_wconf 82' lang='lat' dir='ltr'><strong>cantavimus.</strong></span> <span class='ocrx_word' id='word_1_247' title='bbox 2488 3780 2624 3843; x_wconf 87' lang='lat' dir='ltr'><strong>Sub</strong></span> 
     </span>
     <span class='ocr_line' id='line_1_33' title="bbox 300 3883 2628 3969; baseline -0 -20"><span class='ocrx_word' id='word_1_248' title='bbox 300 3884 535 3949; x_wconf 81' lang='lat' dir='ltr'><strong>Officio</strong></span> <span class='ocrx_word' id='word_1_249' title='bbox 577 3883 833 3969; x_wconf 73' lang='lat' dir='ltr'><strong>q&#39;uiclam</strong></span> <span class='ocrx_word' id='word_1_250' title='bbox 861 3883 1079 3948; x_wconf 81' lang='lat' dir='ltr'><strong>devoti</strong></span> <span class='ocrx_word' id='word_1_251' title='bbox 1098 3884 1470 3949; x_wconf 77' lang='lat' dir='ltr'><strong>saeculares</strong></span> <span class='ocrx_word' id='word_1_252' title='bbox 1494 3890 2150 3951; x_wconf 85' lang='lat' dir='ltr'><strong>communicaverunt.</strong></span> <span class='ocrx_word' id='word_1_253' title='bbox 2237 3885 2628 3950; x_wconf 78' lang='lat' dir='ltr'><strong>Sacerdotes</strong></span> 
     </span>
     <span class='ocr_line' id='line_1_34' title="bbox 299 3974 2631 4075; baseline 0 -21"><span class='ocrx_word' id='word_1_254' title='bbox 299 4010 457 4054; x_wconf 90' lang='lat' dir='ltr'><strong>vero</strong></span> <span class='ocrx_word' id='word_1_255' title='bbox 501 3990 992 4053; x_wconf 88' lang='lat' dir='ltr'><strong>celebraverunt</strong></span> <span class='ocrx_word' id='word_1_256' title='bbox 1058 3988 1126 4050; x_wconf 91' lang='lat' dir='ltr'><strong>in</strong></span> <span class='ocrx_word' id='word_1_257' title='bbox 1182 3989 1367 4053; x_wconf 89' lang='lat' dir='ltr'><strong>altari</strong></span> <span class='ocrx_word' id='word_1_258' title='bbox 1410 3992 1922 4056; x_wconf 86' lang='lat' dir='ltr'><strong>circumcisionis</strong></span> <span class='ocrx_word' id='word_1_259' title='bbox 1959 4001 2028 4055; x_wconf 84' lang='lat' dir='ltr'><strong>et</strong></span> <span class='ocrx_word' id='word_1_260' title='bbox 2069 3993 2137 4054; x_wconf 90' lang='lat' dir='ltr'><strong>in</strong></span> <span class='ocrx_word' id='word_1_261' title='bbox 2179 3990 2321 4074; x_wconf 77' lang='lat' dir='ltr'><strong>(B)</strong></span> <span class='ocrx_word' id='word_1_262' title='bbox 2379 3974 2631 4075; x_wconf 76' lang='lat' dir='ltr'><strong>capella</strong></span> 
     </span>
     <span class='ocr_line' id='line_1_35' title="bbox 304 4094 2629 4179; baseline 0.001 -23"><span class='ocrx_word' id='word_1_263' title='bbox 304 4097 494 4158; x_wconf 86' lang='lat' dir='ltr'><strong>trium</strong></span> <span class='ocrx_word' id='word_1_264' title='bbox 559 4113 785 4178; x_wconf 77' lang='lat' dir='ltr'><strong>regum</strong></span> <span class='ocrx_word' id='word_1_265' title='bbox 861 4094 1161 4176; x_wconf 85' lang='lat' dir='ltr'><strong>superius</strong></span> <span class='ocrx_word' id='word_1_266' title='bbox 1228 4103 1296 4156; x_wconf 85' lang='lat' dir='ltr'><strong>et</strong></span> <span class='ocrx_word' id='word_1_267' title='bbox 1359 4095 1633 4158; x_wconf 85' lang='lat' dir='ltr'><strong>inferius</strong></span> <span class='ocrx_word' id='word_1_268' title='bbox 1690 4097 1755 4158; x_wconf 88' lang='lat' dir='ltr'><strong>in</strong></span> <span class='ocrx_word' id='word_1_269' title='bbox 1820 4096 2009 4159; x_wconf 85' lang='lat' dir='ltr'><strong>altari</strong></span> <span class='ocrx_word' id='word_1_270' title='bbox 2063 4095 2249 4176; x_wconf 82' lang='lat' dir='ltr'><strong>juxta</strong></span> <span class='ocrx_word' id='word_1_271' title='bbox 2309 4113 2629 4179; x_wconf 86' lang='lat' dir='ltr'><strong>praesepe</strong></span> 
     </span>
     <span class='ocr_line' id='line_1_36' title="bbox 303 4198 2629 4280; baseline -0 -20"><span class='ocrx_word' id='word_1_272' title='bbox 303 4198 577 4280; x_wconf 84' lang='lat' dir='ltr'><strong>Domini,</strong></span> <span class='ocrx_word' id='word_1_273' title='bbox 620 4208 685 4261; x_wconf 92' lang='lat' dir='ltr'><strong>et</strong></span> <span class='ocrx_word' id='word_1_274' title='bbox 732 4206 885 4280; x_wconf 84' lang='lat' dir='ltr'><strong>post</strong></span> <span class='ocrx_word' id='word_1_275' title='bbox 929 4198 1232 4262; x_wconf 84' lang='lat' dir='ltr'><strong>Officium</strong></span> <span class='ocrx_word' id='word_1_276' title='bbox 1276 4201 1343 4261; x_wconf 90' lang='lat' dir='ltr'><strong>in</strong></span> <span class='ocrx_word' id='word_1_277' title='bbox 1387 4199 1571 4263; x_wconf 84' lang='lat' dir='ltr'><strong>altari</strong></span> <span class='ocrx_word' id='word_1_278' title='bbox 1624 4202 1984 4264; x_wconf 88' lang='lat' dir='ltr'><strong>nativitatis</strong></span> <span class='ocrx_word' id='word_1_279' title='bbox 2025 4201 2305 4263; x_wconf 87' lang='lat' dir='ltr'><strong>Domini.</strong></span> <span class='ocrx_word' id='word_1_280' title='bbox 2392 4200 2477 4263; x_wconf 75' lang='lat' dir='ltr'><strong>Et</strong></span> <span class='ocrx_word' id='word_1_281' title='bbox 2537 4200 2629 4261; x_wconf 90' lang='lat' dir='ltr'><strong>ita</strong></span> 
     </span>
     <span class='ocr_line' id='line_1_37' title="bbox 304 4302 2267 4389; baseline 0.001 -26"><span class='ocrx_word' id='word_1_282' title='bbox 304 4303 819 4368; x_wconf 74' lang='lat' dir='ltr'><strong>continuavimus</strong></span> <span class='ocrx_word' id='word_1_283' title='bbox 862 4303 1082 4368; x_wconf 82' lang='lat' dir='ltr'><strong>divina</strong></span> <span class='ocrx_word' id='word_1_284' title='bbox 1132 4302 1367 4369; x_wconf 78' lang='lat' dir='ltr'><strong>Officia</strong></span> <span class='ocrx_word' id='word_1_285' title='bbox 1419 4321 1629 4389; x_wconf 82' lang='lat' dir='ltr'><strong>usque</strong></span> <span class='ocrx_word' id='word_1_286' title='bbox 1671 4304 1752 4369; x_wconf 83' lang='lat' dir='ltr'><strong>ad</strong></span> <span class='ocrx_word' id='word_1_287' title='bbox 1796 4305 2034 4370; x_wconf 87' lang='lat' dir='ltr'><strong>claram</strong></span> <span class='ocrx_word' id='word_1_288' title='bbox 2078 4305 2267 4368; x_wconf 83' lang='lat' dir='ltr'><strong>diem.</strong></span> 
     </span>
    </p>
   </div>
  </div>
 </body>
</html>
