3242 5259
1491 355 1620 423 1oe

366 536 905 622 Jcmsolymitani
986 520 1089 605 ibi
1146 514 1638 623 hospitentur...-
1685 530 2122 605 inhonestum.
2165 538 2358 615 enim
2400 536 2714 626 judicant,

366 644 544 731 qnod
582 646 910 730 peregrini
952 653 1086 710 tam
1127 655 1396 710 sanctae
1415 645 1953 745 peregrinationis
1986 640 2278 725 habitent
2322 647 2388 711 in
2430 644 2712 729 publicis

366 751 669 834 hospitiis
711 759 780 813 et
804 750 979 835 quod
1016 753 1290 815 intanta
1328 754 1598 817 civitate
1637 771 1769 816 non
1803 746 2085 814 habeant
2124 751 2458 837 proprium
2500 751 2716 823 locum

364 856 499 921 nisi
549 855 696 919 loca
747 857 1023 937 publica.
1120 855 1296 925 Nam
1342 857 1521 941 'apud
1572 875 1689 921 eos
1750 857 2032 939 hospitia
2084 856 2344 939 publica
2393 863 2548 919 sunt
2609 856 2718 918 in-

366 958 665 1045 honesla,
704 961 854 1027 idco
896 962 1156 1047 quando
1186 962 1281 1027 -ad
1322 981 1440 1027 eos
1492 956 1767 1027 veniu'nt
1804 970 2165 1046 magnates,
2219 961 2559 1044 assignant
2619 960 2720 1023 eis

367 1060 675 1152 proprias,
698 1067 951 1153 domus,
995 1086 1081 1131 ne
1119 1072 1189 1132 in
1230 1068 1529 1151 hospitiis
1562 1075 1887 1137 maneant.
1971 1067 2147 1132 Suas
2188 1067 2381 1130 etiam
2422 1068 2719 1149 popinas,

366 1191 536 1257 quas
575 1173 941 1256 hospitibus
981 1173 1237 1257 magnis
1261 1173 1343 1236 de
1384 1166 1842 1267 comm‘unitate
1875 1171 2178 1267 offerunt,
2201 1172 2593 1237 invitissime
2633 1167 2720 1261 acl

366 1278 653 1361 hospitia
689 1274 953 1361 publica
989 1280 1268 1362 mittunt,
1309 1286 1377 1342 et
1416 1280 1775 1361 si-mittuut,
1818 1281 2093 1362 exiguas
2135 1286 2202 1342 et
2220 1281 2433 1342 minus
2473 1277 2721 1341 hones-

365 1392 473 1448 tas
513 1383 790 1447 mittunt.
873 1382 1136 1447 Dictum
1179 1385 1353 1446 em‘m
1396 1384 1517 1447 fuit
1558 1384 1855 1448 Dominis
1898 1385 2061 1447 meis
2081 1428 2103 1466 ,
2154 1383 2411 1468 quando
2469 1382 2593 1446 suit
2634 1378 2719 1443 de

366 1489 636 1553 civitate
676 1491 1074 1571 popinatum,
1118 1488 1290 1572 quod
1333 1489 1393 1552 si
1436 1496 1662 1552 essent
1707 1491 1777 1552 in
1819 1488 1946 1553 alio
2007 1489 2173 1573 loco,
2215 1507 2408 1573 quam
2448 1489 2518 1550 in
2558 1487 2721 1551 hos-

366 1596 528 1678 pitio
571 1592 848 1677 publico,
870 1593 1131 1658 Domini
1150 1593 1391 1657 Veneti
1431 1597 1702 1678 saepius
1737 1594 2014 1677 popinas
2053 1595 2402 1677 mitterent,
2446 1592 2720 1672 (ama)

366 1708 447 1763 ct
477 1698 807 1765 liberalius
824 1706 1136 1797 ‚ageant-
1181 1701 1271 1762 Et
1310 1698 1552 1763 idcirco
1594 1699 1806 1764 locum
1848 1684 2028 1763 illum
2075 1698 2427 1765 aedificant
2483 1717 2716 1782 sump-

368 1814 579 1886 tuose,
621 1812 695 1867 ut
737 1803 1151 1879 honorabiles
1191 1805 1515 1897 peregrini
1570 1804 1662 1867 ibi
1711 1804 2002 1868 habitent
2055 1812 2123 1867 et
2184 1805 2582 1869 honorentur
2633 1803 2719 1867 ab
2805 1884 2814 1901 .

365 1910 487 1975 eis.
530 1907 692 1972 Inde
715 1905 798 1970 de
822 1907 894 1971 S.
938 1909 1223 1972 Antonio
1248 1907 1705 1992 navigavimus
1727 1909 1796 1973 in
1817 1908 2072 1993 galeam
2094 1918 2405 1991 nostram,
2437 1926 2607 1992 quae
2627 1907 2711 1972 de

363 2011 437 2075 S.
480 2012 707 2075 Marco
750 2011 973 2076 suerat
978 2002 1183 2097 prope
1228 2011 1300 2075 8.
1324 2012 1688 2078 Antonium
1718 2015 1972 2099 educta,
2018 2025 2083 2079 et
2124 2015 2494 2078 invenimus
2525 2014 2594 2077 in
2639 2031 2721 2077 ea

368 2117 612 2183 multos
653 2116 1068 2202 laboratores,
1112 2136 1347 2182 navem
1403 2135 1552 2182 cum
1616 2123 1884 2187 transtis
1947 2129 2013 2184 et
2067 2120 2263 2184 remis
2316 2126 2385 2180 et
2422 2117 2612 2205 malis
2654 2126 2723 2181 et

369 2222 521 2287 aliis
561 2224 892 2307 requisitis
945 2204 1333 2306 coaptantes
1347 2269 1369 2307 ,
1433 2233 1501 2287 et
1554 2241 1820 2288 arenam
1878 2224 2281 2289 inducentes.
2392 2214 2588 2302 Quod
2646 2230 2724 2286 nt

368 2326 673 2410 vidimus,
697 2328 914 2410 gavisi
957 2343 1189 2392 sumus
1227 2337 1572 2411 sperantes
1606 2346 1729 2393 nos
1753 2328 1949 2392 citius
1991 2345 2390 2394 recesursos.

530 2432 867 2498 vicesima
902 2432 1194 2497 secunda
1213 2431 1320 2497 die
1344 2435 1800 2517 navigavimus
1822 2430 1906 2497 ad
1949 2432 2327 2515 ecclesiam,
2361 2450 2531 2517 quae
2554 2430 2723 2496 dici-

374 2548 483 2605 tm·
540 2537 627 2601 ad
694 2537 1083 2622 Apostolos,
1161 2539 1382 2622 ibique
1441 2538 1664 2602 diviua
1728 2535 2115 2603 audivimus.
2227 2536 2392 2601 Post
2449 2537 2725 2601 Missam

375 2643 801 2709 ostenderunt
841 2643 1027 2707 nobis
1070 2658 1309 2737 corpus
1350 2642 1422 2706 S.
1464 2643 1716 2707 Mariae
1755 2640 2087 2724 Virginis,
2125 2639 2211 2703 de
2267 2660 2397 2725 qua
2437 2643 2505 2704 in
2546 2641 2725 2705 Vitis

370 2751 635 2814 Patrum
676 2749 856 2813 clara
894 2749 1170 2813 habetur
1208 2749 1481 2812 mentio:
1519 2751 1589 2811 in
1632 2747 1843 2830 prima
1881 2754 2067 2830 parte
2108 2746 2207 2828 (p.
2249 2747 2356 2810 49.
2401 2748 2499 2824 b.)
2564 2745 2727 2810 Post

373 2853 708 2939 prandium
770 2855 1003 2918 iterum
1066 2853 1135 2917 in
1203 2852 1459 2936 galeam
1518 2851 1978 2934 navigavimus
2042 2851 2397 2915 educentes
2450 2854 2521 2915 in
2579 2871 2724 2917 eam

372 2959 626 3044 aliquas
667 2976 910 3041 capsas
953 2966 1019 3021 et
1043 2957 1246 3021 cistas
1289 2956 1373 3023 ad
1403 2956 1673 3021 cumbas
1709 2963 1985 3019 nostras.
2029 2955 2510 3038 Navigavimus
2532 2958 2725 3022 etiam

371 3064 458 3128 ad
499 3064 713 3129 locum
754 3063 1171 3127 maximarum
1194 3066 1480 3146 navium,
1520 3062 1589 3125 in
1620 3077 1787 3146 quas
1834 3060 2115 3142 ingressi
2129 3105 2151 3144 ,
2192 3059 2478 3125 vidimus
2530 3061 2730 3146 digna

374 3167 796 3234 admiratione
812 3207 840 3245 ,
905 3168 1227 3253 quomodo
1298 3185 1470 3252 aqua
1520 3175 1656 3231 tam
1719 3164 2115 3250 gravissima
2173 3165 2463 3249 pondera
2516 3168 2731 3251 possit

372 3281 631 3357 portare
673 3279 740 3335 et
783 3280 914 3337 tam
956 3275 1258 3358 ingentes
1300 3280 1680 3336 structuras.
1791 3276 1796 3279 “

536 3376 876 3441 vicesima
919 3381 1109 3442 tertia
1151 3378 1260 3442 die
1292 3375 1748 3460 navigavimus
1789 3374 1874 3439 ad
1909 3372 2254 3438 ecclesiam
2276 3373 2348 3437 S.
2379 3373 2729 3460 Jeremiae,

374 3490 443 3546 et
484 3489 634 3565 post
674 3481 950 3550 fliam
996 3501 1234 3568 corpus
1279 3481 1353 3547 S.
1373 3481 1601 3564 Magni
1644 3480 1952 3563 Episcopi
1996 3479 2117 3543 fuit
2143 3478 2332 3542 nobis
2372 3488 2730 3565 ostensum,

378 3586 493 3671 qui
549 3586 671 3651 suit
738 3586 984 3670 primus
1052 3586 1329 3649 antIstes
1409 3584 1695 3649 civitatis
1765 3585 2170 3650 venetianae.
2291 3584 2380 3646 Et
2444 3584 2599 3648 inde
2648 3583 2735 3647 ad

372 3693 832 3756 monasterium
896 3688 973 3758 S.
1035 3691 1319 3773 Mariae,
1363 3688 1538 3775 quod
1599 3688 1835 3752 dicitur
1885 3688 2252 3772 virginum,
2309 3691 2611 3753 venimus
2666 3697 2736 3752 et

375 3795 615 3860 multas
655 3808 1026 3861 sauctorum
1071 3794 1384 3881 reliquias
1424 3794 1514 3858 ibi
1553 3792 1860 3878 vidimus,
1902 3804 1971 3856 et
2039 3794 2208 3857 alias
2252 3793 2539 3877 capellas
2616 3791 2729 3858 illo

375 3897 484 3963 die
525 3900 765 3964 multas
808 3900 1250 3982 lustravimus,
1294 3917 1564 3984 quarum
1608 3899 1871 3962 nomina
1911 3907 2191 3963 transeo.

543 4005 886 4070 vicesima
921 4014 1154 4088 quarta
1187 4004 1317 4089 (lie,
1355 4022 1528 4088 quae
1557 4012 1666 4068 est
1689 4003 2025 4068 translatio
2063 4005 2139 4068 B.
2163 4003 2504 4087 Dominici,
2543 4001 2738 4065 navi-

377 4110 681 4193 gavimus
705 4109 790 4173 ad
819 4108 891 4172 8.
921 4110 1334 4173 Dominicum
1355 4107 1438 4173 ad
1483 4109 1719 4172 fratres
1737 4107 2249 4193 Praedicator-es,
2282 4118 2350 4173 et
2388 4108 2479 4175 ibi
2518 4106 2738 4172 divino

380 4211 615 4279 Officio
637 4214 1069 4297 interfuimus,
1113 4224 1179 4278 et
1219 4213 1374 4279 indo
1410 4214 1831 4279 transivimus
1871 4214 1957 4279 ad
1993 4213 2068 4278 S.
2087 4214 2348 4279 Annam
2366 4230 2601 4297 propag
2649 4210 2739 4274 ibi

380 4320 574 4385 otiam
617 4318 861 4383 multae
900 4318 1212 4403 reliquiae
1252 4327 1407 4383 sant
1447 4318 1638 4383 nobis
1696 4329 2022 4385 ostensae.
2088 4323 2164 4384 ln
2209 4319 2416 4384 reditu
2457 4317 2739 4398 naviga-

376 4425 590 4490 vimus
630 4423 717 4487 ‘ad
754 4423 1122 4490 Suu-iam
1162 4423 1247 4511 de
1266 4424 1482 4509 vinea,
1502 4424 1614 4488 ubi
1637 4423 1870 4490 fratres
1905 4426 2189 4515 minores
2218 4422 2305 4489 de
2326 4420 2743 4509 observantia
