3242 5259
1461 349 1549 415 55

329 535 477 601 loca
517 534 983 618 exclamantes,
1026 548 1157 599 non
1199 542 1413 599 tamen
1454 534 1716 597 omnino
1767 533 2042 601 salntem
2087 535 2468 624 desperant3
2511 554 2662 605 narn

329 641 721 729 quandoque
757 661 797 705 a
840 644 1037 710 maris
1080 648 1505 705 exaestuante
1546 640 1746 703 fluctu
1801 658 1972 705 nave
2013 643 2082 704 in
2125 642 2327 710 altum
2381 644 2659 731 elevata,

329 759 638 834 tanquam
680 748 863 812 Deus
907 746 1227 833 quispim
1268 746 1544 810 salutem
1589 745 1799 809 attulit
1856 746 2391 827 periclitantibus.
2473 753 2662 817 Haec

327 855 653 920 Diodorus
666 844 1095 939 Antiquarum
1137 853 1547 917 historiarum
1585 850 1695 913 lib.
1719 852 1780 914 4.
1823 851 1909 919 de
1945 855 2362 936 navigatione
2384 855 2662 938 Troglo-

330 959 604 1025 ditarnm
666 959 735 1022 in
800 962 951 1023 sinu
1011 959 1315 1022 Arabico.
1407 957 1656 1023 Verum
1695 959 1823 1021 esti
1885 966 2146 1041 propter
2187 969 2460 1041 peccata
2515 979 2662 1025 mea

330 1074 441 1130 aut
471 1063 749 1147 alicujus
791 1064 1061 1128 alterius
1102 1061 1350 1145 indigni
1393 1061 1634 1125 fuimus
1680 1061 1843 1125 caeli
1879 1064 2090 1146 siguo,
2133 1071 2349 1127 tamen
2392 1064 2661 1133 aliorum

331 1171 897 1235 devotissimorum
942 1172 1464 1253 peregrinorum,
1502 1176 1569 1231 et
1604 1167 1944 1251 potissime
1983 1168 2397 1233 honestarum
2429 1170 2664 1235 foemi-

328 1294 577 1359 narum,
619 1294 788 1360 qnae
825 1278 895 1338 in
934 1274 1452 1339 tribulationibus
1492 1275 1816 1357 patientes
1871 1273 2291 1338 devotissime
2332 1284 2399 1339 et
2442 1275 2666 1360 laery-

325 1383 645 1447 mabiliter
685 1382 974 1462 orabant,
1022 1379 1261 1463 dignae
1304 1378 1528 1442 divina
1593 1377 2039 1441 consolatione
2095 1389 2297 1444 erant.
2379 1383 2661 1465 Insuper

326 1508 474 1553 cum
536 1488 680 1551 Deo
737 1485 1086 1549 derelictus
1129 1487 1218 1547 sit
1276 1502 1550 1566 pauper,
1607 1484 1722 1566 qni
1768 1486 1838 1545 in
1893 1483 2209 1547 clamores
2272 1495 2336 1549 et
2377 1485 2662 1551 lamenta

324 1595 705 1656 miserorum
772 1599 837 1653 et
897 1591 1445 1673 pauperrimorum
1512 1587 1910 1652 Galiotorum
1973 1588 2350 1675 attenderit,
2414 1593 2527 1674 qui
2591 1592 2658 1655 in

326 1698 540 1763 medio
611 1694 1040 1759 tribulationis
1102 1703 1169 1757 et
1234 1693 1663 1777 procellarum
1728 1694 1940 1776 ipsum
2017 1692 2257 1779 Deum,
2332 1698 2655 1779 virginem

324 1805 632 1885 Mariam,
703 1810 767 1864 et
813 1798 1110 1883 Angelos
1167 1816 1250 1861 ac
1301 1798 1584 1863 Sanetos
1635 1799 1881 1861 crebris
1932 1807 1998 1862 et
2064 1799 2215 1863 altis
2270 1799 2657 1866 clamoribus

322 1906 847 1992 interpellabant.
950 1906 1085 1967 Aut
1137 1907 1288 1988 quis
1359 1907 1515 1986 scit,
1586 1922 1674 1967 an
1737 1903 1903 1969 forte
1960 1908 2304 1987 angustiae
2367 1907 2658 1973 mulieris

323 2015 839 2097 impraegnatae,
906 2009 1131 2073 uxoris
1192 2009 1413 2073 fratris
1466 2009 1708 2072 domini
1750 2010 2045 2094 Patroni,
2119 2028 2290 2094 quae
2327 2012 2398 2073 in
2434 2011 2657 2096 Cypro

323 2118 408 2182 ad
449 2136 570 2181 nos
610 2119 914 2199 ingressa
953 2115 1184 2195 fuerat,
1229 2113 1312 2177 ad
1364 2131 1556 2176 aures
1611 2112 1873 2178 divinae
1913 2118 2172 2199 pietatis
2213 2119 2656 2197 pervenerint:

322 2223 434 2287 vel
493 2220 743 2287 fructus
813 2221 1067 2284 ventris
1127 2218 1271 2301 eius
1354 2216 1634 2281 necdum
1702 2236 1787 2281 ex
1856 2228 2038 2283 utero
2104 2229 2297 2284 natus
2373 2219 2658 2285 divinam

321 2331 629 2413 pietatem
673 2326 1040 2405 obtinuerit,
1069 2332 1135 2386 et
1177 2310 1442 2407 propter
1464 2322 1892 2387 salvationem
1944 2323 2196 2387 animae
2218 2321 2364 2405 (21
2383 2324 2490 2400 A)
2511 2323 2657 2407 eps

323 2451 551 2500 omnes
610 2449 732 2496 nes
788 2431 1015 2493 salvos
1072 2431 1351 2493 transire
1414 2429 1795 2511 permiserit.
1880 2427 1989 2490 An
2029 2430 2440 2513 ignoramus,
2482 2428 2658 2514 quod

322 2541 506 2605 Deus
574 2539 663 2601 sit
723 2538 985 2617 pronior
1042 2533 1127 2597 ad
1182 2532 1615 2597 miserendum
1671 2550 1866 2617 quam
1932 2531 2017 2595 ad
2075 2534 2489 2616 puniendum.
2559 2534 2653 2598 -Si

321 2661 483 2726 ergo
537 2638 906 2703 Sodomitas
980 2658 1126 2707 eum
1171 2640 1500 2703 irritantes
1555 2637 1736 2720 juste
1788 2637 1960 2721 ignis
2003 2643 2437 2722 consumpsit,
2495 2643 2656 2722 quia

324 2745 547 2811 nullus
591 2746 759 2808 inter
814 2760 929 2806 eos
987 2744 1426 2827 reperiebatur
1476 2744 1688 2806 bonus
1701 2788 1722 2825 ,
1788 2750 2052 2825 propter
2104 2760 2298 2825 quem
2357 2743 2654 2807 omnibus

324 2859 649 2936 parceret,
707 2858 775 2912 et
833 2848 1333 2915 mIsericorditer
1374 2847 1685 2931 p'arvulos
1726 2865 1949 2911 eorum
1987 2849 2369 2910 innocentes
2411 2850 2651 2930 pariter

322 2976 469 3021 cum
510 2956 674 3040 ipsis
726 2953 997 3035 occidit,
1049 2973 1134 3016 ne
1172 2956 1529 3018 imitatores
1585 2954 1816 3017 fierent
1874 2951 2226 3036 parentalis
2289 2952 2652 3037 nequitiae;

325 3060 479 3146 quid
541 3060 802 3140 mirum,
864 3061 925 3121 si
977 3056 1206 3122 fideles
1266 3058 1477 3125 Deum
1539 3057 2016 3143 glorificantes,
2085 3065 2153 3121 et
2193 3066 2456 3140 propter
2507 3075 2654 3121 enm

322 3168 810 3250 poregrinantes
825 3209 846 3246 ‚
920 3164 1195 3248 eiusque
1263 3163 1569 3228 auxilium
1651 3171 1993 3247 precantes
2064 3162 2244 3244 juste
2311 3163 2397 3229 ab
2465 3164 2652 3245 aquis

321 3269 539 3334 salvat
579 3265 859 3333 omnes?
902 3269 1223 3351 quianon
1263 3268 1663 3333 solummodo
1703 3269 1988 3359 quinque
2030 3275 2298 3352 tantum,
2325 3267 2447 3332 sed
2489 3268 2655 3331 ferte

320 3375 824 3459 qninquaginta,
883 3389 1049 3456 quos
1103 3372 1434 3438 Abraham
1494 3375 1704 3457 primo
1757 3373 2011 3457 putavit
2072 3374 2138 3439 in
2203 3372 2506 3437 Sodomis
2549 3372 2656 3435 in-

319 3477 700 3543 veniendos.
791 3478 959 3540 Gen.
1024 3477 1122 3541 18.
1166 3498 1229 3560 p.
1270 3479 1378 3543 24.
1399 3524 1420 3563 ,
1462 3479 1614 3542 boni
1681 3480 1752 3542 in
1795 3481 1948 3541 navi
2008 3478 2383 3561 reperibiles
2444 3487 2652 3560 erant,

316 3591 579 3668 propter
611 3602 779 3668 quos
820 3598 1089 3664 parcere
1130 3583 1418 3665 cunctis,
1462 3582 1661 3645 etiam
1700 3583 2069 3646 criminosis
2114 3592 2379 3665 paratus
2418 3591 2542 3664 est,
2587 3591 2651 3645 et

319 3703 588 3768 puerum
627 3683 809 3750 illum
872 3690 944 3751 in
986 3694 1132 3753 utre
1173 3687 1399 3753 matris
1440 3686 1945 3752 misericorditer
1985 3705 2408 3770 conservare,
2462 3694 2655 3771 quem

318 3788 486 3853 forte
506 3789 701 3853 scivit
724 3790 869 3854 foro
890 3790 1173 3855 futurum
1200 3791 1580 3855 imitatorem
1606 3791 1916 3857 virtutum
1946 3801 2011 3854 et
2028 3791 2243 3875 legum
2272 3792 2651 3857 divinarum.

318 3894 523 3976 Igitur
561 3892 629 3961 iu
670 3893 793 3957 hac
837 3904 1227 3979 tempestate
1257 3913 1560 3978 magnam
1597 3898 1774 3961 viam
1803 3896 2076 3961 fecimus
2117 3897 2200 3961 de
2241 3916 2400 3963 vero
2433 3905 2653 3959 nostro

318 3997 581 4061 itinere:
627 4000 780 4082 quia
813 4004 995 4065 venti
1041 4012 1266 4066 contra
1286 4011 1513 4083 portus
1545 4003 1736 4065 nobis
1768 4006 2175 4085 optatos'nos
2214 4001 2650 4085 impellebant,

320 4112 384 4165 et
426 4101 687 4167 duravit
724 4102 839 4167 illa
880 4114 1017 4170 tota
1056 4116 1250 4171 nocte
1291 4114 1360 4169 et
1399 4105 1505 4170 die
1544 4107 1864 4190 sequenti.
1947 4104 2147 4179 Porro
2191 4107 2363 4172 facto
2407 4106 2546 4188 die,
2587 4113 2657 4168 et

320 4214 705 4290 tempestate
735 4206 1011 4275 durante
1050 4211 1117 4274 in
1145 4212 1455 4295 patientia
1486 4214 1588 4276 sic
1618 4212 1975 4279 mansimus
2017 4215 2162 4276 sine
2197 4213 2342 4276 cibo
2369 4219 2436 4272 et
2479 4218 2652 4293 patu,

320 4312 476 4393 quia
516 4330 647 4376 non
688 4324 827 4378 erat
874 4315 1052 4399 ignis
1087 4315 1155 4378 in
1200 4313 1443 4400 Galea,
1502 4326 1567 4379 et
1611 4321 1891 4401 coquina
1939 4319 2238 4399 superius
2281 4313 2475 4394 plena
2513 4322 2657 4379 erat

323 4415 509 4497 aquis
529 4424 592 4478 et
617 4434 764 4481 cum
785 4420 911 4484 hoc
933 4438 1158 4487 ornnes
1179 4422 1562 4505 vertiginosi
1582 4440 1839 4485 eramus
1859 4422 2034 4504 facti,
2050 4431 2114 4484 et
2132 4414 2656 4488 abominabantur
