3242 5259
397 467 763 533 visceribus
806 462 1000 546 h'ujus
1041 463 1336 547 piscinae
1372 464 1684 548 iinmergi.
1780 462 1970 543 Quod
2032 463 2124 527 ibi
2164 463 2348 530 latuit
2406 483 2617 550 usque
2654 467 2739 530 ad

396 589 652 656 tempus
693 570 1025 653 passionis
1079 566 1344 651 Christi,
1390 577 1459 631 et
1509 580 1677 635 tunc„
1720 571 2172 653 supernatavit
2190 612 2211 651 ,
2266 576 2335 632 et
2400 581 2737 655 acceptum

395 697 558 743 crux
599 673 863 739 Christo
907 673 1146 736 factum
1201 683 1324 736 est.
1409 672 1686 756 Propter
1726 673 2105 758 dignitatem
2147 673 2343 755 hujus
2385 673 2546 757 ligni
2588 693 2738 738 cre-

400 783 571 847 ditur
621 778 897 864 angelus
937 777 1022 842 de
1070 776 1254 841 coelo
1317 776 1745 842 descendisse
1802 787 1871 842 et
1919 796 2152 862 aquam
2209 776 2534 861 movisse,
2589 790 2738 863 post

397 886 544 969 ejus
610 892 855 949 motum
910 898 1080 944 unus
1141 883 1535 966 sanabatur,
1597 884 1712 966 qni
1762 883 2008 968 primus
2057 883 2128 946 in
2179 900 2261 945 ea
2306 881 2559 947 cecidit.
2636 883 2734 948 lbi

395 990 713 1054 Dominus
756 986 1079 1071 quendam
1122 988 1404 1070 sanavit,
1436 989 1549 1071 qui
1588 988 1962 1053 XXXVIII.
2015 990 2208 1051 annis
2248 996 2489 1050 motum
2527 1004 2737 1072 aquae

403 1094 832 1178 exspectavit,
873 1100 948 1155 ut
988 1100 1166 1174 patet
1206 1091 1357 1155 Joh.
1412 1092 1500 1156 V.

564 1199 756 1261 Haec
797 1197 1050 1279 piscina
1089 1213 1263 1258 nunc
1303 1195 1518 1260 nullas
1557 1197 1757 1260 habet
1797 1214 2025 1282 aquas,
2064 1196 2188 1260 sed
2226 1197 2296 1259 in
2335 1195 2480 1279 ejus
2520 1196 2735 1263 medio

393 1312 501 1368 est
541 1301 858 1386 quaedam
897 1300 1074 1364 facta
1108 1301 1415 1385 cisterna,
1457 1320 1628 1384 quae
1669 1300 1986 1385 pluviales
2028 1318 2239 1386 aquas
2277 1303 2570 1385 suscipit.
2656 1305 2733 1366 In

391 1410 521 1474 hoc
564 1425 722 1491 ergo
761 1406 904 1470 loco
935 1405 1127 1468 dictis
1169 1406 1558 1472 orationibus
1579 1451 1600 1490 ,
1667 1415 1740 1469 ut
1778 1408 1845 1470 in
1888 1405 2359 1489 processionali
2407 1407 2732 1490 sig-natum

395 1523 521 1598 est,
577 1511 1011 1595 indulgentias
1054 1511 1439 1594 recepimus,
1492 1509 1608 1592 st)
1666 1520 1736 1574 ct
1792 1520 1967 1574 terra
2020 1492 2400 1574 deosculata
2449 1509 2534 1574 de
2586 1512 2733 1576 loco

394 1616 829 1699 ascendimus,
872 1624 936 1678 et
978 1616 1209 1678 iterum
1256 1617 1325 1677 in
1369 1616 1583 1678 vicum
1617 1616 1894 1698 priorem
1927 1615 2352 1678 transivimus
2392 1613 2598 1692 (141
2624 1613 2730 1693 A)

393 1733 460 1788 et
522 1742 607 1787 ex
662 1722 954 1806 opposito
1011 1718 1209 1782 alium
1263 1721 1482 1783 vicum
1547 1721 1831 1803 ingressi
1894 1719 1978 1782 ad
2037 1718 2361 1805 quandam
2426 1737 2732 1801 magnam

386 1830 710 1912 piscinam
751 1827 1049 1889 venimus
1091 1843 1238 1889 cum
1293 1823 1647 1888 abundanti
1685 1842 1890 1909 aqua,
1947 1840 2117 1907 quae
2178 1823 2260 1886 ab
2303 1825 2569 1905 antiquo
2609 1823 2732 1891 fuit
2770 1837 2775 1843 ’

383 1934 499 2015 ihi,
539 1941 607 1995 et
638 1933 708 1995 in
752 1930 1088 2015 Scriptura
1127 1933 1494 1994 nominatur
1545 1932 1796 2013 piscina
1839 1930 2132 2011 interior,
2173 1945 2366 2011 quam
2406 1929 2733 1994 Ezechias

387 2058 509 2103 rex
547 2036 727 2101 Juda
768 2037 942 2119 fecit,
986 2046 1050 2099 et
1090 2036 1157 2098 in
1189 2053 1330 2098 eam
1360 2044 1618 2117 praeter
1652 2051 1860 2118 aquas
1894 2030 2217 2115 pluviales
2238 2031 2494 2096 induxit
2514 2052 2725 2118 aquas

388 2143 745 2225 superioris
789 2141 986 2203 fontis
1031 2137 1246 2204 Gihon
1288 2139 1583 2203 incidens
1628 2139 1799 2203 ferro
1847 2145 2123 2220 petram,
2165 2146 2239 2199 ut
2282 2137 2514 2202 dicitur
2547 2137 2732 2204 Ecclr

387 2248 500 2315 48.
540 2253 606 2307 et
645 2248 707 2309 4.
749 2243 916 2327 Reg.
959 2244 1063 2308 20.
1147 2243 1320 2307 Nam
1361 2243 1560 2307 multo
1599 2243 1818 2308 studio
1878 2242 1959 2304 ab
2002 2242 2266 2325 antiquo
2308 2260 2517 2326 usque
2558 2260 2732 2311 nunc

389 2352 650 2415 fuerunt
689 2350 757 2413 in
797 2349 1166 2412 Jerusalem
1211 2349 1387 2411 facta
1426 2365 1734 2431 aquarum
1790 2345 2181 2423 retinacula,
2227 2345 2307 2409 ad
2352 2366 2520 2430 quae
2559 2357 2731 2411 tem-

388 2474 550 2540 pore
587 2454 850 2517 hiemali
890 2462 956 2517 et
997 2452 1264 2536 pluviali
1307 2470 1516 2535 aquae
1558 2451 1642 2515 de
1689 2451 1881 2516 tectis
1929 2462 2425 2537 concurrerent,
2480 2461 2553 2517 ut
2613 2472 2731 2536 per

387 2567 704 2623 aestatem
748 2557 991 2621 civitas
1019 2574 1226 2641 aquas
1253 2557 1539 2620 haberet.
1584 2558 1783 2621 Caret
1824 2557 1999 2621 enim
2031 2564 2264 2621 sancta
2287 2558 2518 2624 civitas
2540 2561 2731 2642 aquis

387 2664 665 2749 propriis
709 2673 772 2726 et
816 2663 1099 2725 nutritur
1138 2662 1328 2746 aquis
1370 2660 1455 2725 de
1512 2662 1700 2726 coelo
1764 2662 1875 2726 vel
1914 2681 1956 2726 a
2018 2662 2369 2747 longinquo
2424 2662 2728 2727 inductis.

389 2767 604 2833 Credo
671 2765 839 2850 quod
896 2766 1088 2831 hodie
1149 2765 1351 2848 major
1415 2785 1574 2831 cura
1633 2771 1726 2830 sit
1748 2813 1769 2851 ,
1826 2767 2145 2851 quomodo
2208 2768 2446 2830 civitas
2498 2777 2730 2831 sancta

387 2870 812 2957 provideatur
855 2871 938 2935 de
980 2871 1189 2953 aquis,
1231 2889 1422 2953 quam
1466 2872 1646 2954 prius
1694 2890 1997 2955 umquam
2044 2872 2260 2954 fuerit,
2302 2872 2454 2957 quia
2488 2870 2731 2934 Sarra-

384 2978 535 3041 ceni
578 2977 900 3040 continuis
945 2984 1008 3038 et
1052 2973 1418 3038 cottidianis
1439 2976 1935 3059 baptismatibus
1976 2984 2266 3060 utuntur,
2305 2977 2515 3060 magis
2536 2995 2727 3059 quam

381 3082 653 3164 Judaei3
695 3082 895 3167 igitur
929 3080 1243 3143 lavatoria
1283 3079 1485 3143 multa
1525 3081 1789 3162 hahent,
1832 3086 1901 3143 et
1940 3081 2214 3144 mirabili
2253 3081 2574 3146 industria
2623 3083 2729 3145 in-

382 3187 627 3252 ducunt
668 3202 875 3272 aquas
916 3184 982 3248 in
1022 3182 1410 3247 Jerusalem.
1495 3183 1583 3247 Ut
1628 3193 1808 3268 patet
1850 3183 1957 3249 iol.
1996 3186 2130 3250 249
2170 3185 2255 3249 A.
2300 3185 2381 3250 Β.

755 3476 1268 3574 Peregrinatio
1317 3476 1537 3552 vallis
1584 3476 1642 3552 J
1642 3477 1953 3579 osaphat
1997 3450 2347 3576 sequitur.

547 3724 717 3790 Visa
754 3727 1011 3810 piscina
1044 3726 1159 3790 illa
1198 3735 1676 3811 consequenter
1737 3726 2213 3813 processimus,
2269 3735 2336 3789 et
2389 3725 2472 3789 ad
2529 3723 2725 3789 finem

376 3829 671 3896 civitatis
735 3832 1035 3896 venimus
1092 3833 1160 3896 in
1215 3840 1399 3915 parte
1461 3831 1819 3915 aquilonari
1873 3832 1957 3896 ad
2021 3841 2269 3916 portam
2290 3876 2311 3915 ,
2370 3850 2537 3917 quae
2575 3831 2727 3895 olim

372 3933 725 4000 dicebatur
768 3944 956 4020 porta
993 3938 1339 4021 Ephraim,
1404 3937 1558 4020 quia
1609 3955 1728 4019 per
1781 3956 1923 4000 eam
1966 3939 2081 4001 via
2144 3946 2250 4001 est
2309 3937 2393 4001 ad
2447 3946 2724 4000 montem

367 4037 708 4126 Ephraim,
750 4059 924 4106 nunc
976 4060 1131 4106 vero
1165 4042 1400 4107 dicitur
1439 4053 1632 4126 porta
1670 4040 1743 4104 S.
1790 4041 2140 4127 Stephani,
2207 4044 2361 4130 quia
2422 4060 2540 4126 per
2580 4059 2723 4104 eam

375 4142 498 4204 fuit
541 4145 837 4233 eductus,
885 4154 951 4209 et
988 4154 1173 4210 extra
1210 4149 1277 4210 in
1321 4146 1494 4211 valle
1536 4145 1880 4230 lapidatus.
1972 4148 2102 4212 Per
2140 4149 2320 4214 hanc
2340 4155 2589 4232 portam
2622 4155 2725 4210 est

375 4249 492 4308 via
534 4250 600 4310 in
624 4252 908 4333 sichem,
949 4250 1308 4318 Samariam
1352 4261 1419 4316 et
1460 4250 1827 4317 Galilaeam
1875 4254 2295 4334 provinciam.
2380 4252 2726 4316 Exivimus

377 4366 535 4431 ergo
603 4372 724 4436 per
789 4364 1041 4439 portam
1119 4357 1293 4421 illam
1315 4402 1336 4441 ,
1400 4367 1470 4424 et
1555 4373 1753 4442 quam
1829 4356 2053 4425 statim
2125 4367 2312 4422 extra
2383 4355 2689 4419 venimus
2704 4401 2727 4441 ,
