3242 5259
382 532 541 594 Erat
580 525 827 614 quippe
865 537 1150 610 magnus
1186 521 1399 589 valde.
1486 522 1664 590 Nam
1700 520 1935 592 fideles
1975 519 2127 609 post
2164 522 2509 592 decursum
2575 531 2746 590 tem-

384 654 606 718 porum
646 631 925 717 lapidem
969 631 1148 696 illum
1192 637 1610 713 secaverunt,
1634 639 1884 715 partem
1919 630 2110 713 juxta
2154 631 2573 716 sepulchrum
2596 633 2746 695 Do-

384 740 540 802 mini
561 738 993 818 dimittentes,
1040 744 1106 798 et
1147 734 1344 800 aliam*
1367 743 1615 818 partem
1659 732 1743 798 ad
1773 736 1947 799 hanc
1994 734 2345 800 ecclesiam
2390 719 2746 800 transtule-

386 850 532 908 runt
548 889 568 926 ,
609 850 676 906 et.
692 860 810 925 pro
833 840 1052 906 tabula
1073 848 1140 903 et
1158 858 1387 904 mensa
1427 839 1653 906 altaris
1685 840 2168 906 ordinaverunt.
2220 842 2415 904 Hunc
2447 851 2743 922 sanctum

387 947 668 1030 lapidem
746 944 1106 1010 deoseulati
1170 961 1401 1016 sumus
1480 956 1548 1011 et
1609 947 1933 1011 curiosius
2009 947 2432 1030 inspeximus.
2542 946 2744 1011 Porro

378 1052 749 1136 presbyteri
795 1050 1117 1114 eccleciae
1179 1050 1682 1134 diligentissime
1737 1054 2254 1117 observaverunt
2297 1048 2442 1135 nos,
2486 1072 2572 1115 ne
2597 1054 2745 1137 quis

388 1156 630 1241 aliquid
667 1157 1096 1220 instrumento
1139 1156 1350 1219 ferreo
1393 1175 1435 1219 a
1477 1156 1692 1241 lapide
1720 1157 2121 1243 decerperet,
2147 1160 2304 1243 quia
2319 1157 2515 1221 valde
2536 1175 2751 1220 vene-

385 1265 607 1324 rantur
651 1260 930 1345 lapidem
971 1260 1175 1345 illum,
1221 1269 1288 1323 et
1331 1261 1457 1325 nisi
1500 1262 1670 1346 lapis
1710 1263 1824 1327 ille
1865 1265 2137 1348 fuisset,
2181 1281 2352 1328 auno
2396 1263 2761 1354 praeterito·

382 1365 596 1430 locum
638 1364 1112 1450 vendidissent,
1155 1365 1309 1449 quia
1349 1374 1507 1430 sunt
1549 1370 1938 1452 pauperrimi
1982 1369 2274 1451 Armeni,
2308 1368 2628 1449 monachi,
2676 1374 2745 1428 et

384 1480 765 1554 paupertate
803 1479 1086 1555 cogente
1126 1471 1435 1535 volebant
1477 1470 1691 1538 locum
1735 1474 2009 1538 fratibus
2051 1473 2406 1537 minoribus
2435 1470 2746 1556 vendere,

387 1577 541 1659 quia
588 1595 719 1640 non
762 1585 1066 1660 poterant
1109 1576 1458 1641 ecclesiam
1500 1584 1572 1640 et
1613 1580 2072 1643 monasterium
2114 1582 2182 1642 in
2222 1578 2362 1641 suis
2405 1576 2747 1642 structuris

389 1697 821 1765 conservare3
844 1683 937 1746 ita
973 1690 1192 1746 tamen
1216 1681 1527 1748 volebant
1552 1682 1767 1747 locum
1797 1683 2105 1767 vendere,
2148 1694 2223 1748 ut
2246 1682 2527 1766 lapidem
2565 1681 2747 1745 illum

391 1803 616 1850 seeum
661 1786 988 1871 tollerent,
1031 1789 1189 1871 quia
1227 1806 1375 1853 cum
1452 1788 1670 1873 lapide
1727 1807 2135 1874 nequaquam
2200 1788 2514 1853 volebant
2572 1804 2746 1849 ven-

389 1891 561 1955 dere.
668 1893 746 1954 ln
822 1893 951 1957 hoc
1012 1902 1227 1958 autem
1286 1912 1457 1957 anno
1512 1896 1700 1959 veuit
1757 1892 2018 1979 quidam
2086 1893 2433 1978 praedives
2503 1893 2745 1956 Arme-

388 2013 516 2059 uus
559 1996 628 2059 in
669 1997 1038 2063 Jerusalem
1062 2045 1085 2083 ,
1129 2009 1198 2065 et
1249 2002 1470 2063 ruinas
1525 1999 1859 2064 eeclesiae
1907 2010 1974 2065 et
2018 2000 2294 2064 claustri
2347 1999 2580 2062 refecit
2601 2042 2621 2081 ,
2678 2006 2746 2061 et

393 2118 652 2166 manum
694 2101 1070 2186 adjutricem
1111 2104 1263 2168 istis
1315 2106 1712 2188 pauperibus
1780 2103 2093 2189 praebuit.
2191 2107 2268 2168 ln
2329 2105 2538 2187 prima
2598 2120 2746 2165 mea

389 2208 911 2290 peregrinatione
951 2210 1137 2273 venit
1176 2210 1332 2273 mihi
1373 2208 1458 2272 ad
1498 2228 1731 2274 manus
1774 2212 1937 2273 satis
1979 2227 2219 2293 magna
2258 2210 2468 2292 portio
2513 2206 2596 2270 de
2635 2205 2746 2268 illo

393 2311 638 2395 lapide,
697 2329 894 2396 quam
969 2313 1224 2396 quidam
1289 2313 1477 2377 miles
1540 2315 1702 2376 emit
1756 2312 2007 2377 duobus
2063 2313 2316 2377 ducatis
2392 2329 2435 2374 a
2509 2308 2747 2374 clerico

391 2416 677 2482 Armeno
698 2463 721 2501 ,
774 2419 888 2501 qui
943 2435 1090 2481 cum
1162 2418 1366 2481 milite
1408 2417 1755 2482 ecclesiam
1794 2419 2135 2501 ingressus
2192 2417 2454 2499 furtive,
2511 2434 2597 2478 ne
2620 2414 2749 2478 -alii

388 2521 659 2586 Armeni
699 2522 1127 2605 perciperent,
1157 2521 1482 2604 decerpsit
1525 2540 1567 2584 a
1602 2521 1820 2606 lapide
1862 2522 2269 2605 particulam.
2313 2522 2492 2585 Idem
2527 2529 2745 2586 autem

391 2627 590 2690 miles
621 2628 690 2690 in
732 2626 896 2688 mari
933 2626 1109 2708 obiit,
1154 2637 1219 2689 et
1251 2625 1574 2710 particula
1611 2625 1724 2690 illa
1747 2628 1902 2690 mihi
1942 2645 2059 2710 pro
2081 2626 2485 2692 haereditate
2504 2629 2746 2692 mansit

387 2748 583 2816 quam
647 2728 907 2793 Ulmam
975 2749 1228 2793 meeum
1290 2730 1464 2794 duxi.
1554 2731 1812 2795 Deinde
1848 2732 2152 2795 venimus
2193 2732 2275 2794 ab
2322 2732 2514 2795 altari
2556 2749 2747 2795 rece-

397 2834 630 2898 dentes
664 2833 855 2916 juxta
897 2833 1103 2898 altare
1139 2836 1206 2898 in
1252 2836 1477 2900 dextro
1522 2835 1744 2918 latere,
1785 2856 1905 2920 per
1955 2836 2260 2901 ostiolum
2321 2854 2594 2920 parvum
2636 2837 2746 2904 in·-

390 2941 609 3024 gressi
649 2955 878 3002 sumus
920 2939 987 3002 in
1026 2939 1326 3002 cellulam
1366 2940 1661 3004 strictam
1704 2948 1770 3002 et
1791 2941 2222 3025 tenebrosam,
2266 2942 2466 3004 muris
2508 2941 2747 3026 spissis,

392 3045 694 3127 cinctam,
736 3051 803 3105 et
845 3061 974 3106 non
1011 3044 1140 3107 nisi
1170 3045 1363 3108 unius
1405 3044 1686 3107 hominis
1711 3047 1948 3109 stantis
1979 3064 2319 3130 capacem3
2364 3046 2538 3110 unde
2573 3062 2747 3110 unus

391 3159 543 3232 post
567 3149 761 3213 alium
785 3147 1286 3231 ingrediebatur.
1329 3152 1517 3213 Haec
1558 3149 1795 3213 cellula
1836 3150 1956 3214 fuit
1981 3150 2425 3235 inclusor-ium,
2468 3152 2536 3214 in
2572 3150 2746 3234 quod

395 3253 744 3317 examinati
815 3260 883 3315 et
934 3252 1142 3335 judici
1205 3251 1661 3337 praesentandi
1723 3262 1793 3317 et
1856 3255 2197 3320 occidendi
2250 3256 2747 3321 includebantur

398 3376 609 3441 usque
651 3358 736 3422 ad
776 3365 1035 3442 tempus
1076 3361 1638 3443 praesentationis.
1728 3357 1845 3423 Sic
1887 3359 2201 3424 Dominus
2243 3362 2449 3426 Jesus
2492 3362 2747 3426 exami-

397 3472 591 3527 natus
613 3463 738 3527 fuit
779 3466 969 3527 etiam
1012 3466 1100 3528 ibi
1148 3467 1464 3548 reclusus,
1508 3474 1698 3528 stans
1739 3464 1829 3528 ibi
1865 3467 2078 3529 tribus
2119 3466 2320 3550 horis,
2366 3468 2662 3531 manibus
2704 3484 2747 3530 a

394 3576 583 3653 tergo
625 3568 890 3651 ligatus,
934 3568 1143 3632 oculis
1182 3570 1464 3653 velatus,
1507 3570 1698 3633 vultu
1719 3578 2099 3653 consputus,
2122 3572 2484 3654 opprobriis
2528 3571 2746 3655 reple-

395 3683 526 3757 tus,
566 3674 810 3758 frigore
850 3671 1155 3736 afflictus.
1242 3676 1319 3737 lu
1359 3675 1486 3739 hoc
1536 3674 1678 3738 loco
1719 3675 2028 3757 prostrati
2072 3674 2373 3739 devotim
2417 3677 2746 3740 oravimus

397 3788 466 3844 et
524 3780 773 3863 gratias
831 3776 1249 3863 Redemptor-i
1316 3779 1592 3863 egimus.
1660 3777 1879 3859 clos
1914 3778 2022 3856 A)
2102 3776 2603 3865 consequenter
2664 3782 2749 3847 de

399 3885 685 3952 molesia
723 3885 977 3969 egressi
1019 3901 1245 3948 sumus
1284 3884 1352 3948 in
1391 3883 1637 3947 curiam
1678 3883 1788 3946 vel
1811 3885 2043 3946 atrium
2071 3884 2412 3970 ecclesiae,
2455 3888 2566 3951 ubi
2608 3896 2749 3951 erat

397 3993 593 4076 ignis,
638 3991 817 4054 circa
859 4008 1050 4074 quem
1093 3990 1312 4054 stabat
1349 3990 1591 4054 Petrus
1648 4007 1796 4054 cum
1835 3989 2171 4073 ministris,
2197 3992 2452 4075 quando
2481 3993 2750 4076 negavit

398 4096 764 4186 Dominum,
805 4103 875 4159 et
919 4095 1176 4180 quando
1231 4095 1547 4160 Dominus
1609 4113 1756 4158 eum
1801 4096 2107 4176 respexit.
2194 4095 2501 4181 'Insuper
2540 4099 2746 4179 locus,

398 4202 511 4264 ubi
539 4200 776 4284 'gallus
814 4204 1016 4285 stetit,
1059 4200 1146 4268 ad
1189 4201 1379 4284 euius
1422 4211 1652 4268 vocem
1688 4198 1923 4263 Petrus
1962 4218 2042 4266 se
2082 4200 2301 4284 ipsum
2345 4203 2744 4286 recognovit,

400 4312 796 4369 monstratus
834 4305 953 4374 fnit
995 4307 1202 4390 nobis,
1245 4322 1422 4390 quae
1459 4304 1679 4370 omnia
1721 4321 1869 4370 cum
1915 4304 2261 4372 devotione
2301 4303 2602 4402 vidimus.
