3242 5259
1632 310 1719 375 52

507 515 772 567 asseres
794 510 1061 563 currere
1092 510 1210 577 per
1236 508 1553 577 praeceps
1584 493 2014 555 mitterentur.
2059 486 2276 576 Saepe
2310 485 2394 553 de
2429 488 2557 556 hoc
2590 492 2861 556 miratus

507 625 654 671 sum
713 608 783 668 in
849 601 1048 666 maris
1102 597 1596 681 tempestatibus
1662 598 1953 661 existens
1968 638 1991 678 ,
2053 592 2228 677 quod
2295 611 2501 679 aqua,
2566 613 2715 659 cum
2772 598 2863 660 sit

506 726 742 796 corpus
806 724 1051 790 rarum,
1115 712 1310 767 tenue
1357 713 1425 766 et
1497 702 1726 786 molle,
1800 709 1933 764 tam
1993 698 2218 761 duram
2274 699 2728 784 impactionem
2790 702 2861 765 in

507 832 747 900 corpus
784 813 1150 897 oppositum
1190 807 1405 893 potest
1442 808 1710 872 facerez-
1737 806 1895 869 facit
1925 807 2097 867 enim
2132 806 2474 889 strepitum
2506 804 2591 868 ad
2624 822 2861 871 navem

507 937 812 1002 currens,
875 932 953 978 ac
1008 918 1068 978 si
1128 913 1408 978 molares
1465 913 1548 976 de
1610 913 1786 975 saltu
1841 918 2287 994 accurrerent,
2350 928 2479 974 nec
2527 912 2758 975 mirum
2799 913 2861 976 si

504 1044 742 1092 navem
793 1024 1073 1086 ferream
1135 1018 1562 1082 destruerent.
1649 1017 1885 1101 Aquae
1927 1024 2145 1078 tamen
2191 1017 2389 1079 maris
2449 1024 2605 1079 sunt
2646 1018 2860 1099 magis

502 1134 926 1215 importunae,
959 1141 1313 1193 sonorosae
1352 1132 1419 1187 et
1447 1126 1658 1205 magis
1679 1120 2008 1185 mirabiles
2024 1128 2178 1184 sunt
2204 1121 2270 1183 in
2290 1122 2432 1185 suis
2452 1120 2859 1206 elationibus,

511 1247 704 1315 quam
728 1228 895 1291 aliae
917 1246 1145 1311 aquae.
1189 1229 1331 1312 Ego
1344 1229 1538 1293 habui
1560 1227 2052 1290 delectationem
2087 1243 2387 1309 magnam
2406 1228 2475 1289 in
2498 1235 2860 1310 tempesta-

507 1336 681 1399 tibus
709 1335 1009 1416 superius
1029 1332 1319 1396 sedendo
1342 1342 1454 1396 aut
1476 1333 1731 1417 stando,
1750 1342 1812 1395 et
1834 1329 2119 1395 videndo
2148 1331 2477 1395 mirabiles
2504 1347 2860 1395 successus

505 1438 936 1525 procellarum
987 1447 1052 1500 et
1094 1452 1411 1501 occursus
1454 1438 1798 1502 horribiles
1841 1455 2177 1519 aquarum.
2261 1435 2664 1499 'tolerabiles
2706 1444 2863 1499 sunt

505 1552 928 1627 tempestates
994 1544 1292 1629 diurnae,
1358 1542 1478 1608 sed
1538 1554 1897 1607 nocturnae
1968 1551 2122 1605 sunt
2187 1543 2383 1605 nimis
2447 1541 2859 1623 inhumanae,

505 1651 853 1733 praecipue
924 1648 1179 1729 quando
1237 1659 1391 1712 sunt
1454 1648 1730 1732 saevae',
1775 1651 1946 1712 sicut
1992 1648 2112 1737 fuit
2164 1646 2312 1724 illa,
2371 1645 2454 1708 de
2496 1663 2629 1731 qua
2685 1662 2861 1708 nunc

509 1755 756 1836 loquor.
821 1755 974 1816 Fuit
1011 1755 1181 1816 enim
1206 1754 1616 1816 saevissima
1659 1763 1725 1816 et
1766 1754 1831 1817 in
1874 1756 2156 1818 intensis
2204 1753 2513 1836 tenebris,
2553 1769 2679 1813 nec
2721 1758 2861 1813 erat

510 1858 752 1941 lumen,
795 1860 923 1921 nisi
964 1855 1138 1939 quod
1181 1860 1669 1953 coruscationes
1712 1864 2056 1923 continuae
2109 1858 2437 1942 fulgurum
2481 1855 2858 1919 causabant.

509 1965 597 2027 Et
636 1972 775 2026 erat
817 1971 946 2025 tam
978 1979 1222 2025 saevus
1250 1971 1486 2024 ventus
1516 1963 1787 2026 elevans
1821 1974 1887 2027 et
1922 1964 2238 2047 dejiciens
2262 1961 2556 2044 Galeam,
2586 1978 2861 2043 eamque

510 2085 681 2131 nunc
724 2067 852 2130 huc
908 2083 1081 2130 nunc
1123 2065 1278 2130 illuc
1336 2067 1659 2130 inclinans
1716 2076 1782 2130 et
1825 2071 2241 2152 concutiens,
2316 2067 2496 2152 quod
2559 2085 2749 2128 nemo
2789 2067 2858 2127 in

511 2173 867 2235 cumbasua
938 2181 1191 2255 poterat
1253 2172 1517 2255 jacere,
1558 2176 1774 2237 minus
1829 2174 2096 2257 sedere,
2165 2175 2432 2237 minime
2471 2182 2676 2235 stare:
2738 2167 2859 2232 sed

513 2277 597 2340 ad
638 2276 974 2342 columnas
1033 2280 1104 2340 in
1148 2278 1360 2342 medio
1397 2288 1843 2343 sustentantes
1879 2280 2217 2362 superiora
2249 2278 2548 2341 aedificia
2574 2274 2860 2359 pendere

505 2399 785 2449 necesse
843 2393 1013 2466 erat3
1075 2383 1185 2446 vel
1251 2385 1439 2447 flexis
1495 2383 1846 2468 poplitibus
1922 2392 2076 2451 ante
2134 2384 2344 2447 cistas
2416 2381 2857 2466 procumbere,

504 2488 789 2551 brachiis
846 2497 913 2550 et
969 2490 1266 2554 manibus
1322 2488 1586 2552 easdem
1654 2488 2088 2573 complectere
2168 2497 2234 2551 et
2289 2489 2390 2550 sic
2477 2498 2702 2551 tenere
2761 2503 2858 2569 se,

506 2601 574 2655 et
665 2594 835 2655 inter
903 2592 1066 2657 haec
1143 2614 1273 2658 non
1372 2612 1702 2679 nunquam
1788 2599 1994 2659 cistae
2092 2612 2373 2677 magnae
2463 2603 2529 2657 et
2615 2607 2858 2676 graves

507 2715 656 2761 cum
721 2697 1217 2762 adhaerentibus
1282 2700 1756 2763 evertebantur.
1867 2701 2042 2764 Nam
2117 2702 2210 2762 ita
2281 2699 2582 2763 diversos
2644 2706 2859 2761 motus

509 2811 577 2864 et
616 2801 938 2866 violentos
966 2804 1148 2867 ‘facit
1207 2802 1449 2890 Galea,
1506 2804 1683 2889 quod
1721 2807 1973 2889 omnia,
2017 2821 2187 2886 quae
2239 2811 2449 2884 stant,
2507 2803 2739 2865 evertit
2791 2809 2858 2861 et

510 2906 683 2990 qnod
726 2907 900 2970 dictu
937 2908 1227 2970 mirabile
1269 2918 1397 2991 est,
1431 2909 1552 2973 sed
1594 2912 2033 2990 verissimum,
2081 2926 2160 2969 ea
2200 2924 2372 2990 quae
2408 2908 2478 2971 in
2506 2904 2856 2988 parietibus

510 3009 595 3073 ad
665 3028 872 3074 uncos
941 3010 1343 3096 pendebant,
1432 3013 1515 3076 de
1601 3017 1789 3078 uncis
1866 3014 2320 3094 solvebantur,
2390 3019 2458 3072 et
2518 3008 2853 3072 cadebant.

512 3112 831 3193 Quamvis
915 3122 1130 3177 autem
1218 3118 1408 3180 navis
1496 3117 1709 3180 fuerat
1796 3120 2108 3182 bitumine
2191 3115 2473 3197 undique
2534 3115 2720 3176 linita
2792 3121 2857 3176 et

511 3219 683 3303 aliis,
737 3220 971 3304 quibus
1014 3228 1224 3303 aquae
1262 3223 1604 3309 ingressus
1667 3231 1734 3285 et
1756 3223 2091 3286 instillatio
2134 3222 2524 3307 prohibetur,
2564 3218 2733 3302 (Ro
2747 3219 2856 3303 A)

508 3326 577 3388 in
638 3325 765 3388 hac
805 3332 1020 3387 tamen
1062 3334 1448 3409 tempestate
1490 3342 1663 3409 aqua
1700 3347 1818 3410 per
1845 3330 2255 3411 insuspectas
2299 3328 2496 3390 rimas
2526 3325 2859 3410 ingredie-

509 3429 699 3492 batur
755 3429 1075 3514 undique,
1130 3433 1224 3493 ita
1288 3429 1460 3513 quod
1512 3433 1582 3493 in
1641 3441 1777 3496 tota
1832 3435 2056 3497 carina
2110 3452 2239 3497 non
2307 3433 2428 3496 suit
2484 3432 2857 3518 quidquam,

511 3532 684 3616 quod
726 3552 856 3595 non
900 3545 1079 3599 esset
1120 3536 1188 3598 in
1248 3520 1465 3619 aqua,¹
1521 3534 1672 3629 lecti
1728 3541 1934 3601 nostri
1978 3547 2043 3600 et
2086 3540 2302 3601 omnia
2353 3547 2537 3601 erant
2576 3536 2856 3620 madida,

508 3656 717 3723 panes
777 3639 1066 3703 biscotae
1123 3647 1189 3702 et
1228 3642 1432 3702 nostri
1487 3642 1849 3725 paximates
1909 3643 2019 3705 vel
2061 3644 2411 3726 paximacii
2468 3661 2639 3726 aqua
2680 3650 2859 3704 tacta

509 3744 578 3804 in
639 3743 908 3807 nibilum
965 3753 1119 3809 sunt
1181 3744 1467 3811 reducta.
1574 3748 1652 3808 In
1710 3750 1932 3810 carina
2003 3748 2276 3811 inferius
2350 3748 2472 3811 fuit
2531 3756 2737 3809 terror
2790 3751 2857 3805 et

508 3850 808 3933 miseria3
857 3851 1167 3934 superius
1201 3870 1358 3912 vero
1384 3849 1585 3923 ‚labor
1626 3860 1694 3914 et
1734 3855 2053 3936 angustia.
2115 3855 2376 3918 Ventus
2419 3851 2637 3915 velum
2667 3864 2857 3930 mag-

510 3973 666 4018 num
723 3956 792 4018 in
851 3957 1062 4038 petias
1141 3954 1536 4019 dilaceravit.
1626 3956 1781 4020 Ideo
1846 3968 2191 4023 antennam
2255 3959 2722 4035 submiserunt,
2790 3957 2858 4013 et

509 4059 731 4123 velum
774 4060 987 4145 aliud,
1048 4058 1222 4142 quod
1279 4061 1613 4149 nominant
1676 4064 2012 4150 papafigo,
2070 4062 2558 4147 tempestatibus
2616 4064 2856 4140 aptum,

510 4164 989 4247 appenderunt:
1036 4163 1159 4227 sed
1206 4182 1353 4227 cum
1395 4183 1656 4230 sursum
1698 4178 2047 4234 antennam
2089 4188 2236 4233 cum
2280 4166 2663 4249 complicato
2705 4160 2855 4225 velo

512 4271 905 4354 traxissent,
984 4277 1050 4332 et
1121 4260 1474 4333 Galestreli
1548 4273 1876 4337 marinarii
1942 4274 2070 4338 sub
2139 4280 2489 4335 antennam
2549 4269 2857 4332 sedentes

513 4369 826 4457 ligamina
868 4374 1264 4458 solvissent,
1311 4383 1377 4437 et
1434 4375 1655 4442 velum
1692 4376 1995 4444 deorsum
2049 4377 2346 4460 caderet,
2413 4373 2860 4460 Galeotaeque
