3242 5259
1533 293 1755 392 ,ιω

534 476 833 540 domiuus
874 485 940 540 et
975 485 1329 559 ‘possessor
1370 473 1545 544 illius
1583 475 1957 559 sponsae,
1992 474 2185 538 ‘unde
2225 472 2561 539 audaciam
2617 477 2873 560 aceepit

534 580 796 664 petendi
837 573 1104 644 censum
1146 600 1263 663 pro
1297 580 1447 662 jure
1485 580 1612 643 sibi
1652 578 1887 644 debito.
1938 625 1949 634 -
2610 563 2629 576 ⁴

697 673 952 768 Sextius
984 704 1154 770 quae
1196 683 1315 749 fuit
1377 684 1700 748 dominica
1738 685 1854 750 VI.
1919 695 2067 770 post
2122 685 2480 770 Trinitatis,
2523 687 2875 768 antequam

535 792 727 876 plene
764 790 1192 872 illucesceret,
1235 789 1423 855 rediit
1459 790 1570 853 ille
1610 808 1855 854 saevus
1880 797 2167 855 -exaotor
2186 837 2207 875 ,
2251 792 2362 875 qui
2404 791 2471 853 in
2535 808 2689 854 sero
2750 805 2872 852 nos

532 905 910 978 vexaverat,
932 905 999 960 et
1042 898 1258 979 posuit
1299 914 1377 959 se
1417 914 1566 959 cum
1591 896 1765 959 fuste
1803 896 1887 959 ad
1934 898 2108 960 sores
2146 879 2530 979 speluncae,
2575 913 2701 958 uec
2744 894 2873 958 ali-

537 1020 727 1085 quem
749 1002 1003 1064 sinebat
1015 1002 1207 1092 'exire
1247 1001 1335 1065 ad
1377 1020 1543 1084 opus
1566 1011 1839 1066 naturae
1880 1002 2352 1083 confluidum,
2399 1000 2526 1063 nisi
2563 1001 2714 1064 dato
2742 999 2873 1061 sibi

535 1106 818 1171 denario.
865 1103 1074 1188 Quem
1120 1123 1269 1169 cum
1311 1106 1710 1189 impatientia
1750 1106 2068 1171 solvimus
2094 1101 2339 1189 omues,
2384 1116 2449 1168 et
2473 1125 2603 1169 nen
2624 1085 2871 1170 tautum

533 1199 1348 1295 imputavimusexactori,
1392 1221 1703 1296 qnantum
1746 1215 2039 1295 patronis
2079 1221 2148 1275 et
2205 1211 2372 1295 patri
2426 1209 2755 1276 Gai-diano
2806 1218 2875 1272 et

533 1316 1144 1399 Trutschelmanno,
1189 1317 1300 1398 qui
1343 1318 1644 1400 superius
1686 1320 1811 1382 sub
1852 1319 2281 1402 papilionibus
2322 1314 2763 1401 quiescebant,
2803 1319 2875 1372 et

531 1442 657 1490 nos
698 1424 809 1487 'nic
849 1423 1286 1486 incarceratos
1328 1424 1517 1487 novis
1560 1424 2006 1488 exactionibus
2064 1423 2290 1486 vexari
2353 1420 2695 1501 sinebant,
2750 1418 2875 1500 qui

529 1523 753 1594 'tamen
783 1528 1181 1591 ‘tenebantur
1219 1545 1345 1590 nos
1389 1537 1732 1612 protegere
1781 1539 1847 1593 et
1890 1529 1969 1592 ab
2013 1529 2117 1594 his
2179 1527 2546 1614 defendere.
2646 1525 2881 1605 ltaque

536 1634 801 1697 denario
844 1633 1057 1700 soluto
1100 1631 1398 1716 permissi
1436 1652 1663 1698 sumus
1704 1636 1886 1698 exire
1941 1634 2023 1698 ad
2086 1634 2517 1718 necessitates
2581 1637 2873 1709 naturae,

538 1756 662 1801 nec
705 1739 849 1800 ausi
893 1738 1132 1803 finimus
1175 1739 1436 1820 long-ius
1478 1739 1595 1822 ire,
1638 1740 1765 1803 uisi
1807 1738 1892 1803 ad
1933 1758 2111 1804 oram
2133 1739 2353 1823 maris,
2397 1737 2550 1820 quia
2590 1732 2876 1816 undique

536 1841 913 1910 circumdati
957 1843 1197 1908 fuimus
1238 1845 1504 1907 armatis
1543 1846 1841 1927 paganis.
1942 1846 2199 1908 Interea
2259 1849 2577 1906 venerunt
2619 1855 2876 1904 merca-

538 1958 714 2011 tores
768 1964 913 2011 cum
957 1948 1110 2010 suis.
1142 1949 1495 2028 mercibus,
1548 1959 1617 2011 et
1670 1950 1813 2013 coci
1871 1967 2017 2012 cum
2081 1949 2221 2012 suis
2275 1929 2751 2024 instrumentis,
2808 1950 2875 2006 et

531 2052 720 2136 juxta
762 2070 883 2115 nos
905 2071 1021 2134 pro
1047 2052 1224 2115 luero
1267 2071 1427 2117 suas
1449 2072 1684 2137 operas
1711 2053 2138 2137 exponebant,
2183 2062 2249 2115 et
2275 2052 2442 2115 diem
2485 2050 2875 2116 dominicum

537 2161 938 2243 ignorabant.
967 2155 1383 2224 Intendebam
1399 2169 1635 2242 autem,
1651 2161 1718 2221 in
1730 2160 1876 2242 ipsa
1886 2159 2200 2242 spelunca
2213 2157 2875 2242 peregrinisprouun-

535 2266 754 2332 ciasse
795 2263 1204 2345 evangelium
1255 2262 1384 2327 diei
1425 2264 1783 2330 dominicae
1841 2281 1991 2329 mm
2034 2265 2508 2346 exhortatione,
2549 2270 2616 2325 et
2656 2267 2878 2324 tantus

537 2381 673 2435 erat
719 2371 1026 2433 tumultus
1070 2370 1248 2432 circa
1287 2379 1680 2434 mercatores
1717 2379 1784 2433 et
1826 2387 2023 2433 cocos
2081 2377 2149 2431 et
2200 2385 2560 2431 concursus
2584 2366 2876 2430 Sarace-

536 2493 761 2540 norum
805 2484 872 2538 et
906 2475 1222 2558 juvenum
1267 2473 1630 2553 discursus,
1686 2476 1858 2559 quod
1901 2493 2030 2538 non
2072 2476 2254 2557 potui
2291 2473 2617 2557 complere
2654 2471 2877 2555 horas,

537 2581 667 2648 nisi
723 2598 869 2656 cum
933 2580 1150 2644 multis
1204 2580 1699 2664 impedimentis.
1803 2579 2126 2644 Videntes
2188 2581 2359 2643 euim
2433 2598 2539 2641 me
2583 2580 2651 2642 iu
2712 2577 2877 2641 libro

540 2685 781 2769 legere,
804 2687 1387 2764 circumsteterunt,
1431 2686 1729 2767 riserunt,
1753 2684 2216 2769 clamaverunt,
2259 2685 2481 2748 literas
2519 2681 2877 2766 inspicien-

539 2799 642 2854 tes
687 2800 753 2853 et
793 2791 1204 2854 admirantes.
1250 2790 1532 2855 Prandio
1569 2799 1835 2873 peracto
1870 2792 2051 2854 venit
2090 2789 2175 2853 ad
2217 2808 2339 2853 uos
2381 2792 2450 2853 in
2488 2788 2871 2876 speluncam

542 2894 812 2962 eatinus
835 2907 1100 2980 parvus,
1121 2878 1185 2958 id
1239 2904 1362 2978 est,
1405 2898 1719 2978 magister
1758 2896 2094 2980 hospitalis
2117 2896 2341 2977 minor,
2384 2895 2595 2957 dictus
2625 2892 2887 2982 Upim<

539 2997 736 3082 hallo,
780 3000 1200 3083 sarracenus,
1245 3001 1486 3081 probus
1522 3010 1759 3081 tamen,
1781 3009 1863 3063 ut·
1891 3002 2230 3084 sequentia
2271 2999 2608 3081 docebunt,
2629 2996 2740 3082 qui
2772 3014 2878 3058 me

425 3137 430 3142 ·
542 3105 781 3186 optime
821 3106 1024 3187 novit,
1067 3122 1150 3166 ex
1191 3104 1403 3185 priore
1444 3106 1982 3187 peregrinatione,
2026 3115 2095 3168 et
2118 3106 2370 3170 sciebat
2389 3107 2562 3191 loqui
2590 3104 2877 3169 italicum

539 3217 610 3272 et
651 3215 1019 3290 corruptum
1060 3207 1525 3291 theutonicum,
1570 3210 1746 3292 quod
1809 3209 2123 3274 didicerat
2176 3230 2219 3274 a
2266 3214 2629 3296 peregrinis
2651 3257 2673 3294 ,
2728 3227 2875 3274 cum

543 3313 778 3396 quibus
827 3330 1036 3394 ‚saepe
1083 3312 1168 3377 ad
1233 3312 1303 3376 S.
1349 3313 1784 3380 Katharinam
1843 3318 2292 3400 peregrinatus
2356 3319 2584 3382 fuerat.
2683 3316 2879 3379 Hunc

544 3433 701 3500 ergo
743 3417 950 3481 &irum
974 3418 1392 3501 interrogavi,
1435 3420 1759 3502 quomodo
1780 3439 1888 3485 res
1929 3440 2009 3485 se
2033 3423 2344 3488 haberent
2380 3425 2557 3487 circa
2598 3430 2885 3486 monten-

517 3523 783 3608 ‚synam
829 3532 902 3586 et
933 3521 1073 3590 dixi
1133 3525 1282 3609 sibi,
1323 3543 1494 3608 quae
1549 3527 1616 3590 in
1673 3527 1868 3611 galea
1909 3528 2166 3593 fuerant
2201 3529 2390 3594 dicta.
2496 3523 2876 3611 Respondit,

544 3628 764 3690 omnia
801 3627 973 3692 dieta
1013 3629 1186 3693 illius
1215 3631 1556 3694 mamalnci
1595 3647 1751 3696 esse
1790 3634 2149 3711 mendacia,
2170 3645 2237 3699 et
2255 3634 2428 3718 quod
2446 3632 2877 3718 peregrinat&
2952 3675 2967 3690 ι

547 3731 616 3798 S.
665 3732 1066 3822 Kathariuae
1109 3744 1291 3798 esset
1323 3735 1460 3817 jam
1504 3739 1943 3821 securissima,
1982 3742 2279 3821 quamvis
2322 3759 2491 3803 anne
2531 3737 2882 3822 praeterito

545 3835 803 3902 Arabes
863 3841 1217 3904 monachos
1269 3839 1716 3905 tribulaverint
1759 3842 1841 3906 ad
1904 3843 2011 3909 S.·
2045 3844 2495 3925 Katharinam,
2550 3840 2877 3904 Soldanus

548 3953 765 4006 tamen
836 3947 1033 4016 lolam
1110 3946 1313 4029 [rem]
1390 3947 1889 4029 complanasset.
1990 3949 2115 4011 His
2178 3949 2400 4013 verbis
2458 3946 2549 4009 mi
2606 3941 2875 4010 multum

544 4047 930 4114 laetificatus
980 4057 1048 4113 et
1083 4049 1239 4115 dux'i
1279 4051 1490 4116 virum
1530 4049 1951 4114 adDomInos
1990 4071 2195 4136 meos,
2238 4071 2359 4116 eos
2395 4051 2520 4115 sibi
2543 4064 2877 4114 mmmm-

543 4151 726 4216 dans.
772 4153 1004 4220 Statim
1045 4165 1260 4220 autem
1301 4157 1407 4220 vir
1442 4154 1614 4219 dunt
1632 4153 1841 4236 nobis,
1878 4165 1949 4218 ut
1987 4157 2228 4220 iremus
2279 4174 2503 4220 seeum
2545 4164 2612 4218 et
2654 4152 2881 4220 eduxit

544 4276 666 4321 uos
707 4259 789 4322 de
833 4275 1058 4343 specu,
1115 4270 1183 4324 et
1242 4259 1667 4325 cirmmduxit
1754 4258 2041 4342 undique
2079 4279 2203 4343 per
2269 4260 2549 4326 modium
2607 4258 2879 4345 (WA)

543 4374 934 4446 castrorum,
1017 4383 1132 4448 per
1209 4368 1483 4431 tentoria
1565 4363 2106 4448 Saracenorum,
2199 4376 2266 4430 et
2338 4369 2627 4433 ostendit
2688 4368 2878 4433 uobis
