3242 5259
1486 260 1615 333 ω

382 448 631 534 provisi
668 448 738 513 in
779 452 1004 529 monte,
1034 443 1260 530 syon,
1299 444 1620 511 nahmen
1664 442 1949 530 quietum
1997 424 2275 529 nm]
2318 446 2392 508 in
2433 438 2727 527 civitate,

388 564 455 619 et
492 556 663 620 bene
729 552 1043 616 munitum
1105 551 1254 615 altis
1319 550 1521 613 muris
1563 557 1631 614 et
1673 549 1909 613 ferreis
1950 550 2141 615 ostiis
2159 594 2185 634 ,
2266 557 2339 616 nt
2390 558 2572 634 patet
2613 548 2724 613 fol.

384 658 490 725 9⁷.
533 659 620 723 A.
703 658 831 721 His
875 666 1094 721 tamen
1155 674 1287 720 non
1329 653 1742 719 obstantibus
1798 672 2115 739 persaepe
2168 664 2326 721 sunt
2362 657 2432 718 in
2472 655 2729 740 magnis

386 763 695 849 perieulis
734 769 999 847 propter
1036 762 1440 846 importunas
1479 759 1836 825 infidelium
1877 761 2290 843 invasiones,
2327 762 2521 825 etiam
2564 779 2728 827 noo-

387 877 581 933 turno
643 876 968 951 tompore-⁷
1035 866 1126 930 Et
1168 865 1298 930 nisi
1364 875 1588 930 essent
1645 865 1773 930 viri
1832 864 2075 950 fortes,
2145 864 2384 929 dudum
2446 874 2728 930 montem

390 972 577 1056 Syon
641 970 1144 1055 dereliquissent
1224 978 1491 1056 propter
1550 969 1954 1055 periculosas
2025 969 2402 1034 invasiones
2469 969 2727 1034 illorum

385 1095 642 1142 mum.
728 1077 886 1140 ldeo
921 1094 1058 1139 non
1100 1081 1246 1138 erat
1284 1074 1615 1160 possibile,
1659 1075 1897 1139 fratres
1936 1073 2427 1139 Praedicator-es
2468 1077 2538 1136 in
2581 1074 2724 1139 loco

390 1191 577 1246 extra
615 1179 838 1243 urbem
869 1189 938 1244 et
973 1200 1102 1244 non
1146 1181 1457 1245 munitum
1490 1198 1914 1265 permanere,
1949 1200 2079 1244 non
2112 1182 2412 1244 obstante
2450 1178 2729 1242 emtione

390 1295 459 1350 et
499 1284 901 1349 admissione
941 1285 1243 1369 Soldani,
1286 1285 1372 1350 de
1406 1290 1534 1371 qu'o
1578 1304 1717 1351 non
1752 1294 1982 1349 curant
2022 1284 2322 1348 infideles
2370 1292 2498 1346 eto.
2587 1281 2730 1348 Re-

388 1390 599 1475 pulsis
637 1406 795 1472 ergo
837 1388 1145 1457 fratribus
1186 1410 1229 1456 a
1269 1391 1335 1456 lo
1356 1408 1436 1454 oo
1480 1389 1826 1454 Sarraoeni
1890 1389 2233 1454 ecelesiam
2270 1396 2338 1451 et
2377 1387 2506 1450 alia
2543 1386 2729 1451 aedi-

390 1493 543 1558 fioia
581 1511 622 1556 a
661 1492 1099 1558 fundamentis
1142 1503 1446 1559 eruentes
1489 1492 1887 1579 dejecerunt,
1920 1494 2139 1560 demto
2176 1492 2471 1558 aedificio
2501 1491 2729 1578 sepul-

391 1609 604 1683 turae,
652 1597 825 1684 quod
875 1597 1072 1664 hodie
1109 1603 1265 1667 stat.
2454 1588 2477 1603 “

553 1765 720 1830 Post
758 1754 1246 1829 Praedicatores
1289 1762 1554 1848 qnidam
1596 1766 1820 1851 graeci
1861 1766 2159 1831 monaehi
2171 1812 2193 1851 ‚
2256 1764 2563 1855 calogeri
2578 1811 2598 1849 ,
2636 1765 2726 1829 ibi

391 1870 874 1955 habitaverunt,
940 1868 1062 1933 sed
1117 1867 1340 1933 eadem
1399 1872 1796 1933 necessitate
1847 1872 2163 1955 compulsi
2220 1870 2449 1936 locum·
2488 1870 2727 1936 dereli-

393 1987 701 2062 querunt,
754 1986 824 2040 et
891 1980 1049 2038 sunt
1088 1974 1280 2058 pauci
1324 1975 1474 2036 anni
1538 1974 1775 2058 elapsi3
1820 1976 2043 2067 reperi
2073 1977 2244 2052 enim
2284 1979 2352 2042 in
2414 1964 2617 2041 antris
2660 1984 2728 2039 et

389 2083 674 2146 latibulis
715 2085 958 2165 signa,-
981 2096 1100 2162 per
1143 2096 1313 2164 quae
1355 2087 1585 2143 notare
1623 2082 1841 2165 potui,
1910 2083 2002 2146 ibi
2045 2081 2231 2146 brevi
2270 2086 2563 2165 tempore
2602 2081 2728 2146 ha-

390 2188 640 2251 bitasse
678 2186 994 2251 homines.
1041 2184 1147 2247 Ad
1189 2185 1363 2249 huno
1405 2185 1616 2248 locum
1661 2185 2034 2249 multotiens
2077 2184 2390 2249 deseendi
2429 2203 2470 2247 a
2511 2176 2728 2247 monte

393 2291 576 2375 Syon
592 2332 619 2368 ,
681 2298 752 2353 et
794 2306 993 2373 supra
1033 2307 1280 2375 agrum·
1315 2297 1616 2352 sanctum
1670 2286 1864 2352 horas
1906 2307 2089 2353 meas
2132 2289 2300 2373 legi,
2370 2297 2440 2351 et
2503 2288 2728 2371 optavi

394 2384 696 2461 omnibus
737 2394 945 2477 votis,
1017 2394 1077 2457 si
1119 2393 1436 2476 possibile
1500 2394 1672 2457 foret
1727 2392 1939 2477 (163,
1962 2392 2070 2471 Α)
2100 2394 2208 2456 ·ibi
2268 2394 2436 2456 inter
2491 2393 2723 2456 fratres

396 2502 598 2565 vitam
657 2498 876 2581 finire,
941 2504 1011 2560 et
1067 2498 1157 2561 ibi
1200 2498 1483 2581 sepeliri.
1569 2495 1761 2575 Unde
1803 2498 1870 2561 in
1932 2498 2058 2561 hoo
2125 2496 2269 2562 looo
2332 2498 2727 2581 sepulturam

395 2605 597 2689 elegi,
642 2611 707 2666 et
746 2603 947 2687 petivi
1002 2602 1237 2667 fratres
1279 2605 1518 2667 montis
1568 2600 1792 2687 Syon,
1854 2603 1914 2665 si
1955 2604 2364 2685 contingeret
2420 2621 2526 2666 me
2562 2603 2728 2665 mori

395 2713 464 2773 in
530 2708 933 2790 seruientem,
990 2706 1163 2793 quod
1205 2727 1311 2771 me
1353 2727 1484 2773 non
1524 2709 1593 2770 in
1651 2708 1776 2772 alio
1820 2708 1963 2783 loco
2022 2707 2420 2790 sepelirent,
2489 2706 2618 2769 nisi
2660 2705 2729 2768 in

395 2832 555 2898 agro
620 2814 729 2878 illo
791 2822 1049 2897 sancto,
1121 2821 1190 2875 et
1252 2792 1490 2895 corpus
1545 2831 1758 2876 meum
1823 2832 1940 2896 per
1994 2813 2315 2876 foramina
2369 2800 2728 2894 in'jioerent.

395 2917 563 2982 Dico
606 2937 722 3001 pro
764 2927 979 3001 certo,
1035 2914 1210 3000 quod
1249 2910 1529 3005 caeteris
1571 2918 1835 3001 paribus
1872 2919 2086 3000 potius
2128 2916 2367 2981 vellem
2410 2916 2500 2979 ibi
2548 2912 2731 2978 Con-

400 3033 667 3087 ventum
709 3022 986 3105 habere,
1042 3039 1234 3106 quam
1277 3002 1349 3085 iti
1413 3031 1635 3086 monte
1691 3021 1909 3106 Syon3
1963 3022 2116 3105 quia
2172 3022 2405 3085 fratres
2462 3027 2733 3103 possent

398 3128 489 3190 ibi
530 3128 755 3192 hortos
795 3125 1127 3210 plantare,
1203 3126 1426 3189 vineta
1490 3135 1556 3190 et
1601 3126 1825 3210 ficeta,
1880 3136 1945 3191 et
2007 3137 2111 3191 est
2151 3127 2339 3191 locus
2395 3141 2729 3206 amoenus,

399 3233 648 3296 habens
699 3239 1064 3313 respectum
1125 3229 1209 3294 ad
1250 3239 1530 3294 montem
1576 3230 1797 3315 Sym,
1860 3240 1926 3295 et
1989 3232 2072 3296 ad
2112 3232 2350 3297 vallem
2404 3228 2620 3310 Siloe,
2664 3236 2731 3291 et

404 3334 486 3399 de
530 3335 712 3401 l'onte
753 3332 935 3398 Siloe
1000 3334 1314 3398 haberent
1371 3353 1612 3420 aquas,
1678 3340 1847 3418 quae
1902 3356 2101 3421 prope
2161 3347 2294 3421 est,
2358 3343 2426 3398 et
2466 3332 2732 3417 respicit

402 3439 597 3504 etiam
632 3437 871 3502 vanem
904 3437 1268 3522 sunaphen,
1303 3447 1373 3501 et
1412 3449 1694 3503 montem
1737 3437 1980 3505 oliveti
2021 3451 2140 3505 eto.

573 3604 680 3668 De
720 3603 848 3668 hoo
881 3622 1040 3689 agro
1086 3603 1307 3670 dicunt
1347 3625 1463 3689 pro
1504 3616 1717 3690 oerto,
1758 3606 1930 3690 quod
1972 3624 2245 3690 corpora
2280 3605 2730 3670 defunctorum

407 3712 706 3777 immissa
742 3712 978 3775 stsmn'
1017 3710 1087 3775 in
1135 3708 1346 3776 triduo
1387 3712 1859 3795 incinerantur,
1917 3720 1983 3777 et
2023 3709 2141 3779 nil.
2169 3710 2296 3774 nisi
2337 3727 2491 3773 ossa
2551 3706 2732 3771 arida

401 3825 679 3883 manent.
707 3872 724 3885 .
766 3814 882 3879 Sio
934 3815 1132 3879 etiam
1189 3814 1420 3879 dicunt.
1469 3814 1553 3879 de
1606 3832 1765 3897 agro
1818 3824 2082 3898 sancto,
2146 3815 2259 3905 qui
2320 3821 2424 3876 est
2482 3811 2731 3875 Romae

400 3921 484 3987 ad
527 3921 598 3986 S.
641 3918 939 4003 Petrum,
993 3919 1077 3984 ad
1116 3939 1312 4005 quem
1354 3926 1530 3983 terra
1571 3919 1852 3987 deducta
1886 3927 2001 3987 est
2042 3918 2194 3985 hino
2237 3939 2358 4002 per
2409 3936 2586 3980 mare
2596 3960 2618 4000 ,
2662 3921 2731 3979 et

403 4044 565 4110 agro
632 4025 746 4089 illo
783 4025 1173 4108 ·superfusa.
1270 4022 1410 4088 Sed
1483 4030 1553 4089 et
1607 4023 1865 4108 Pisani,
1932 4023 2081 4088 dum
2148 4022 2625 4087 dominarentur
2662 4020 2731 4084 in

401 4128 595 4212 Syria
608 4174 630 4213 ‚
693 4128 776 4192 de
840 4128 966 4192 hoo
1006 4146 1165 4213 agro
1221 4136 1455 4193 terram
1519 4137 1929 4211 sumserunt,
1987 4138 2054 4192 et
2110 4128 2458 4212 implentes
2500 4142 2731 4209 naves,

398 4230 749 4316 Pisamque
811 4234 1128 4297 (lucentes
1205 4233 1603 4317 sepulturam
1669 4234 2205 4316 pretiosissimam
2277 4235 2570 4298 fecerunt
2614 4248 2729 4311 pro

405 4338 814 4418 magnatibus
845 4348 1073 4403 terrae.
1162 4340 1237 4403 In
1279 4338 1385 4403 his
1423 4355 1582 4422 ergo
1641 4339 1847 4402 tribus
1887 4339 2293 4404 coemeteriis
2350 4351 2616 4417 corpora
2662 4335 2729 4395 in
