3242 5259
658 547 900 632 aliquid
941 548 1009 610 in
1053 564 1132 609 eo
1174 542 1559 627 repererint,
1602 545 1712 629 pie
1755 543 2210 608 condonabunt
2253 553 2320 607 et
2358 541 2804 630 indulgebant.
2872 542 3002 605 Pro

659 649 794 739 qud
828 650 1154 718 humiliter
1195 649 1491 732 supplico
1533 648 1976 713 Reverentias
2022 667 2262 712 eorum.

824 758 1027 822 Porro
1072 755 1132 818 si
1173 753 1431 817 libellus
1472 755 1601 817 iste
1643 755 1730 817 ad
1769 771 2003 817 manus
2044 756 2297 818 venerit
2336 755 2611 835 illorum,
2650 752 2732 815 de
2772 753 3007 836 quibus

662 863 935 930 habetur
951 860 1254 924 Distinet.
1275 859 1615 934 XXXVII.
1652 860 2069 944 Sacerdotes,
2092 861 2204 945 qui
2223 861 2485 924 omissis
2501 860 2626 923 Dei
2644 858 3009 942 evangeliis

663 978 732 1034 et
749 963 1094 1051 Prophetis
1127 965 1497 1034 comoedias
1525 966 1773 1049 legunt,
1797 974 1863 1028 et
1895 966 2205 1029 amatoria
2223 965 2672 1032 Bucolicorum
2697 982 3011 1029 versuum

664 1074 871 1139 verba
911 1080 1151 1137 canunt
1169 1116 1190 1155 ,
1235 1080 1302 1134 et
1351 1071 1697 1154 Virgilium
1738 1078 1958 1132 tenent
1975 1113 1996 1153 ,
2039 1079 2106 1131 et
2146 1068 2361 1153 (812)
2407 1069 2713 1133 Carmina
2752 1072 3014 1156 poetica

664 1178 966 1263 student,
1013 1186 1089 1240 et
1127 1178 1196 1240 in
1238 1194 1477 1258 pompa
1518 1174 1981 1239 rhetoricorum
2042 1176 2389 1239 verborum
2462 1175 2784 1259 gaudent,
2840 1175 3008 1256 scio,

661 1301 771 1352 ne
791 1301 920 1346 non
940 1298 1141 1366 posse
1163 1299 1385 1343 eorum
1420 1278 1940 1364 detrectationes,
1962 1279 2341 1364 derisiones,
2365 1289 2430 1342 et
2466 1280 3011 1350 subsannationes

669 1387 968 1454 evadere.
1075 1382 1206 1462 Qui
1282 1387 1500 1450 omnia
1577 1387 1875 1474 Scripta,
1956 1387 2150 1449 etiam
2211 1383 2545 1449 canoniea
2609 1394 2676 1448 et
2742 1379 3012 1465 Sancta,

666 1492 1036 1556 Rhetoricis
1078 1477 1344 1554 florib'us
1387 1510 1515 1556 nen
1549 1467 1874 1584 redimita,
1905 1501 2019 1557 aut
2066 1491 2454 1555 locutionem
2476 1491 2845 1556 Tullianam.
2880 1508 3013 1552 non

669 1596 1029 1660 redolentia
1088 1594 1477 1679 dilacerant,
1552 1605 1618 1659 et
1681 1583 1982 1659 auct'ores
2045 1615 2266 1660 eorum
2324 1595 2671 1686 derident2
2744 1593 3013 1658 Talibus

664 1695 1128 1783 Evagatori'um
1196 1709 1490 1764 nostrum
1555 1701 1963 1765 fastidiosum
2027 1701 2182 1784 erit,
2246 1703 2400 1784 quia
2459 1701 2717 1765 cfiriosa
2772 1709 3013 1783 amant,

670 1804 943 1868 Sacram
996 1800 1399 1885 Scripturam
1451 1804 1891 1887 vilipendunt,
1952 1805 2320 1868 Jerusalem
2384 1825 2515 1869 non
2574 1804 2882 1887 diligunt,
2945 1812 3014 1867 et

669 1909 951 1974 maxime
1012 1908 1073 1972 si
1127 1907 1419 1970 Felicem
1475 1917 1790 1991 spernunt
1810 1953 1845 2000 ,⁸
1907 1911 2101 1992 quem
2157 1909 2487 1993 garrulum
2553 1917 2623 1970 et
2681 1906 3011 1970 indoctum

672 2012 1180 2097 proclamabunt.
1272 2010 1411 2075 Sed
1456 2005 1638 2097 licet,
1698 2013 1921 2112 inquit·
1968 2014 2407 2122 Hieronymus
2466 2011 2710 2076 exedra
2772 2011 3011 2095 sibilet,

671 2126 736 2181 et
787 2118 1000 2182 vietor
1023 2117 1165 2200 'qui
1208 2117 1269 2180 si
1308 2115 1610 2180 incendia
1651 2116 2057 2202 nontjactet,
2099 2136 2448 2201 numquam
2491 2138 2706 2181 meum
2750 2117 3012 2181 Christo

663 2222 939 2305 juvante
1003 2221 1222 2306 silebit
1279 2221 1638 2305 eloquium,
1728 2223 1980 2287 etiamsi
2042 2224 2340 2308 praecisa
2396 2224 2620 2307 lingua
2682 2222 3014 2305 balbutiet,

671 2346 840 2412 quae
882 2325 1234 2391 adhaereat
1294 2336 1446 2410 opto
1491 2326 1790 2391 faucibus
1854 2329 2034 2391 meiS.
2120 2327 2196 2392 Si
2242 2348 2371 2393 non
2414 2330 2766 2393 meminero
2810 2329 2932 2411 tui,
2976 2347 3015 2390 o

672 2433 1067 2502 Jerusalem.
1123 2409 1426 2517 Legant,
1468 2433 1582 2516 qui
1623 2432 1884 2515 volunt3
1924 2434 2041 2518 qui
2080 2432 2327 2517 nolunt,
2372 2435 2594 2518 apices
2638 2434 3013 2499 eventilent.

674 2537 820 2620 Ego
885 2531 1207 2612 definato
1284 2538 1465 2621 operi
1499 2538 1857 2621 *imponam
1922 2555 2218 2624 manum,
2293 2548 2358 2602 et
2394 2538 2759 2625 ·seyllaeos
2818 2555 3015 2606 mnes

676 2643 973 2707 obturata
1015 2661 1173 2706 aure
1215 2642 1527 2712 transibo.

842 2747 985 2811 Vos
1008 2758 1245 2831 autem,
1280 2748 1518 2812 fratres
1539 2748 2084 2842 nqhsshafissimi,
2119 2747 2585 2831 Evagatorium
2622 2748 3015 2831 accipientes

674 2853 948 2934 primum
981 2855 1218 2917 eximio
1251 2852 1498 2918 Sacrae
1515 2835 2318 2937 Theologiae*Professori,
2361 2853 2680 2948 Magistro
2701 2851 3016 2915 Ludwico

674 2956 927 3038 F'uchs,
968 2955 1173 3020 Priori
1213 2966 1436 3020 nostro
1477 2957 1867 3038 praedigno‚
1928 2955 2462 3040 examinandum,
2518 2954 3014 3039 corrigendum-

672 3079 801 3145 que
855 3066 1289 3142 praesentate.
1374 3056 1693 3136 Quamvis
1754 3060 1925 3120 enim
1979 3059 2193 3141 ipsum
2244 3059 2380 3123 vile
2441 3060 2825 3144 opusculum
2879 3078 3015 3122 non

669 3182 1067 3247 magnopere
1108 3169 1219 3226 aut
1273 3161 1659 3226 necessario
1690 3162 1912 3224 veniat
1953 3163 2435 3250 corrigendum,
2479 3166 2671 3249 quasi
2725 3164 3013 3247 periculo

674 3268 868 3332 alicui
925 3285 1078 3331 esse
1134 3266 1371 3353 possit:
1434 3265 1710 3348 Absque
1778 3274 1996 3329 tamen
2054 3286 2218 3332 suae
2278 3269 2521 3334 Rever.
2594 3268 3013 3333 paternitatis

673 3382 835 3437 nutu
893 3382 962 3437 et
1002 3390 1331 3437 consensu
1386 3373 1455 3436 in
1496 3370 1824 3455 publicum
1878 3355 2150 3454 prodea't
2208 3376 2377 3439 nole.
2466 3376 2552 3438 Et
2602 3376 2670 3438 in
2714 3373 2842 3438 hoc
2883 3391 3015 3436 non

674 3479 863 3543 modo
893 3495 1057 3542 suae
1089 3475 1502 3541 venerandae
1522 3475 1902 3539 Paternitati
1932 3476 2266 3555 detulisse,
2300 3480 2421 3544 sed
2454 3490 2519 3545 et
2551 3480 2676 3564 ipsi
2705 3477 3017 3561 opu-culo

593 3573 602 3580 ’
672 3582 902 3647 videar
941 3583 1367 3647 consuluisse.
1454 3582 1610 3647 Scio
1650 3569 1953 3667 equidem
1997 3593 2064 3647 et
2107 3596 2324 3650 certus
2365 3606 2546 3671 sum,
2589 3585 2763 3669 quod
2804 3586 3017 3667 ipsum

613 3685 628 3702 '
673 3688 1171 3771 Evagatorium,
1236 3685 1392 3752 dum
1443 3707 1530 3752 ex
1584 3688 1756 3754 cella
1809 3690 1973 3754 tanti
2026 3691 2332 3760 Doctoris
2386 3692 2611 3778 egredi
2669 3690 3012 3771 videbitur,

674 3792 1079 3857 auctoritatis
1106 3802 1172 3856 et
1205 3791 1573 3877 splendoris
1602 3795 1948 3880 plurimum
1978 3797 2256 3884 accipiet
2274 3807 2471 3882 atque
2492 3798 2756 3882 valoris.
2800 3797 3016 3859 Etiam

672 3913 790 3980 pro
834 3915 913 3959 eo
953 3896 1252 3963 habendo
1290 3897 1704 3985 laborabunt,
1747 3901 1857 3984 qui
1899 3910 2052 3965 ante
2091 3920 2256 3966 suae
2292 3901 2708 3967 paternitatis
2746 3903 3017 3984 inspee-

675 4000 917 4066 tionem
958 4002 1041 4065 de
1081 4003 1216 4068 luto
1259 4023 1388 4068 non
1432 4004 1786 4070 levassent.
1895 4005 2011 4068 Sic
2054 4025 2245 4091 ergo,
2284 4006 2524 4071 fratres
2566 4004 3014 4085 amantissimi,

675 4125 795 4190 per
834 4107 1051 4171 omnia
1091 4126 1338 4192 quaeso
1381 4110 1613 4187 facite,
1668 4117 1735 4171 et
1776 4110 1841 4172 in
1885 4095 2097 4180 vicem
2140 4110 2429 4204 lgborum
2471 4129 2763 4198 meorum
2802 4109 3014 4171 Deum

677 4211 1157 4278 misericordem
1238 4233 1357 4296 pro
1433 4232 1539 4276 me
1611 4211 2080 4306 deprecamini,
2184 4224 2251 4278 et
2284 4247 2305 4272 ·
2324 4201 2714 4290 Reverendo
2789 4221 3013 4277 nostro

677 4317 998 4399 Magistro
1063 4326 1124 4380 et
1207 4317 1448 4400 Priori,
1532 4313 1937 4402 praeceptori
2008 4337 2152 4383 meo
2227 4319 2834 4402 observantissime,
2909 4337 3017 4382 me

679 4423 1208 4487 recommendate.
1296 4422 1534 4487 Valete
1574 4424 1646 4488 in
1686 4442 1852 4488 aevo
1895 4421 2088 4487 felici.
