3242 5259
1550 327 1677 392 1oe

411 505 688 570 coliiben
710 513 831 569 tur.
878 504 1073 569 Unde
1102 504 1446 569 Psalmus:
1492 509 1835 573 terminum
1878 514 2172 598 posuisti,
2199 532 2391 601 quem
2412 530 2546 580 nou
2561 525 2784 582 trans·-

408 610 808 696 gredien‘tur,
846 627 1062 693 neque
1102 620 1565 677 convertentur
1597 616 1851 698 operire
1886 624 2120 681 terram
2146 618 2421 701 (Psalm.
2440 621 2584 690 104.
2599 642 2663 685 v.
2679 621 2741 686 9.
2743 623 2781 706 )

406 716 495 780 Bt
532 714 682 779 Job.
725 715 832 780 38.
877 734 940 778 v.
985 715 1047 779 8.
1137 711 1305 793 Quis
1348 718 1671 782 conclusit
1720 721 1907 783 ostiis
1950 740 2128 786 mare
2157 764 2182 806 ,
2238 725 2497 810 quando
2559 744 2781 790 erum-

412 823 637 906 pebat.-
713 820 791 883 si
831 819 981 904 quis
1024 817 1108 882 de
1148 820 1253 885 his
1306 821 1746 888 clarissimum
1798 826 2008 890 voluit
2069 830 2310 893 hahere
2359 831 2780 916 intellectum,

412 927 588 1011 legat
623 923 986 989 additiones
1008 908 1248 1003 domini
1278 926 1466 990 Pauli
1489 927 1847 1013 Burgensis
1866 929 2180 997 Postillae
2217 935 2437 1019 Lyrae
2479 934 2563 999 de
2583 953 2780 1018 opere

408 1031 471 1096 3.
497 1029 659 1113 diei3
701 1031 826 1094 ibi.
867 1024 1347 1112 congregentur
1387 1049 1615 1116 aquae,
1661 1051 1832 1117 quae
1873 1038 1997 1100 sub
2022 1038 2204 1103 eoelo
2254 1046 2409 1102 sunt
2451 1039 2518 1101 in
2565 1038 2778 1102 locum

409 1154 629 1198 unum.
699 1134 805 1198 Ex
846 1133 976 1196 hoe
1021 1134 1187 1198 mari
1228 1134 1584 1201 {finduntur
1627 1147 1693 1201 et
1754 1138 2031 1206 effluunt
2072 1142 2201 1206 alia
2255 1143 2498 1226 maria3
2563 1141 2776 1207 medi-

409 1247 800 1322 terraneum,
860 1239 1192 1321 ponticum
1214 1232 1361 1325 (B)
1403 1249 1472 1306 et
1514 1261 1695 1306 mare
1735 1245 1999 1310 rubrum
2041 1246 2212 1311 sieut
2250 1247 2413 1311 rami
2454 1265 2496 1310 a
2533 1246 2774 1330 stipite.

577 1342 767 1406 Mare
814 1343 1026 1427 majus
1103 1345 1337 1415 dicitur
1387 1365 1566 1409 mare
1629 1349 1994 1433 ponticum,
2057 1369 2185 1414 non
2248 1350 2422 1436 quod
2465 1350 2548 1414 de
2597 1351 2773 1416 Paeto

408 1447 620 1532 majus
662 1449 768 1531 sit,
784 1466 978 1532 quam
1020 1468 1199 1513 mare
1250 1460 1576 1534 uestrum3
1613 1452 1735 1517 sed
1773 1453 1946 1537 ideo,
1976 1456 2130 1538 qula
2164 1455 2359 1518 nullis
2397 1464 2507 1519 aut
2541 1458 2774 1539 paucis

408 1554 642 1617 insulis
725 1556 1170 1619 intersecatur.
1265 1556 1353 1619 Et
1431 1557 1666 1621 dicitur
1728 1561 2095 1643 ponticum,
2162 1560 2316 1644 quia
2383 1563 2590 1624 omnis
2643 1561 2774 1624 ista

410 1676 720 1742 aquarum
765 1663 1185 1742 congregatio
1245 1679 1365 1744 per
1409 1662 1669 1727 alveum
1714 1664 2060 1747 concurrit,
2104 1681 2234 1746 quo
2277 1667 2532 1729 Xerxes
2572 1674 2773 1749 ponte

409 1762 688 1826 navibus
725 1763 901 1827 facto
927 1768 1348 1829 commeavit:
1405 1787 1597 1851 quem
1628 1770 1870 1833 fluxum
1901 1771 2233 1832 nominant
2254 1770 2768 1854 Hellespontum.

408 1867 540 1931 Vol
603 1870 932 1952 ponticum
997 1867 1270 1954 dicitur,
1342 1876 1534 1955 quasi
1594 1874 1742 1936 sine
1800 1883 2028 1957 ponte,
2087 1891 2217 1937 nec
2256 1883 2454 1958 ponte
2507 1874 2769 1939 transiri

407 1981 649 2055 potest.
726 1972 859 2036 Vel
924 1972 1156 2037 dicitur
1236 1977 1564 2058 ponticum
1606 1995 1649 2041 a
1703 1987 1977 2062 puncto,
2051 1997 2131 2042 eo
2187 1977 2363 2063 quod
2424 1974 2765 2044 rotundum

410 2094 563 2139 esse
604 2076 857 2142 dicatur
916 2080 1092 2143 sieut
1146 2068 1443 2163 pu‘nctus.
1543 2083 1672 2146 Vel
1731 2092 1837 2147 est
1887 2087 2217 2167 ponticum
2284 2093 2626 2167 vocatum,
2684 2101 2765 2146 eo

409 2181 584 2266 quod
648 2181 737 2245 sit
817 2182 1060 2248 brevis.
1158 2184 1600 2250 communiter
1670 2191 1864 2252 etiam
1936 2191 2301 2253 nominatur
2389 2206 2568 2251 mare
2635 2186 2765 2250 hoe

407 2287 658 2352 Pontus
697 2289 1001 2352 Euxinus
1045 2307 1087 2352 a
1122 2290 1406 2354 moribus
1448 2292 1847 2376 accolarum,
1912 2302 1979 2356 ut
2025 2292 2177 2356 dieit
2225 2291 2554 2376 Isidorus,
2612 2290 2766 2374 quia

409 2391 766 2457 seeundum
806 2393 1248 2458 Ptolomaeum
1287 2396 1594 2478 pessimis
1630 2396 1961 2479 pollebant
1981 2397 2414 2480 Euxologitae
2455 2395 2764 2480 moribus,

410 2499 573 2562 adeo
613 2507 686 2562 ut
729 2518 922 2564 neme
969 2516 1085 2562 eos
1139 2499 1542 2582 molestaret,
1598 2510 1663 2563 et
1708 2501 1852 2564 aliis
1896 2502 1981 2567 ad
2041 2519 2158 2566 eos
2211 2501 2594 2584 confugisse
2643 2501 2767 2564 fuit

411 2622 526 2685 pro
571 2602 753 2666 asilo.
847 2602 986 2667 Sed
1045 2613 1113 2667 et
1160 2603 1405 2669 fluvius
1458 2604 1715 2688 Eume,
1793 2615 2012 2670 monte
2068 2604 2367 2669 Caucaso
2433 2606 2652 2687 tusus,
2694 2606 2767 2668 iu

411 2725 560 2770 eum
617 2716 880 2790 pontum
939 2708 1205 2793 labitur,
1264 2712 1455 2795 eique
1496 2727 1731 2772 nomen
1791 2710 2034 2796 adfert,
2098 2710 2209 2774 vel
2253 2711 2397 2792 ipse
2440 2709 2684 2771 fluvius
2724 2726 2767 2772 a

412 2812 572 2873 mari
625 2812 818 2875 trahit
876 2832 1112 2877 nomen
1168 2832 1381 2886 suum.
1478 2813 1682 2878 Porro
1734 2832 1776 2878 a
1831 2824 2018 2899 tergo
2076 2813 2274 2879 Ponti
2329 2821 2431 2876 est
2498 2814 2765 2876 Meotus

410 2916 602 2999 palus
641 2916 978 3000 latissima,
1023 2920 1134 3002 qui
1172 2922 1242 2982 in
1285 2936 1362 2981 se
1402 2919 1673 3001 suscipit
1718 2919 1994 2983 Tanaim
2038 2920 2331 3000 fluvium,
2373 2919 2484 3002 qui
2525 2916 2766 2981 scindit

411 3021 493 3084 ab
550 3021 816 3104 Europa
868 3021 1102 3084 Asiam
1119 3067 1141 3105 ,
1203 3023 1471 3107 fluitque
1512 3022 1596 3087 de
1636 3023 2000 3107 Rhiphaeis
2060 3023 2405 3087 montibus.
2491 3024 2766 3106 Insuper

408 3126 662 3190 Pontus
717 3125 834 3189 ille
885 3126 1183 3191 Euxinus
1247 3137 1350 3191 est
1414 3146 1595 3192 mare
1641 3129 1933 3212 dulcius,
1998 3146 2190 3212 quam
2234 3127 2362 3190 alia
2403 3130 2637 3211 maria,
2679 3146 2765 3192 ex

409 3228 819 3294 multitudine
860 3233 1194 3297 fluminum
1237 3230 1519 3297 dulcium
1557 3250 1888 3316 aquarum.
1946 3230 2140 3297 Unde
2163 3231 2502 3296 Danubius
2544 3242 2765 3296 noster

409 3344 641 3399 auctus
654 3335 796 3398 hx.
809 3339 1066 3421 magnis
1087 3335 1456 3401 fluminibus
1475 3357 1594 3420 per
1615 3338 1762 3401 vn.
1783 3339 1955 3402 ostia
1966 3346 2164 3421 ponto
2190 3337 2474 3400 illabitur
2486 3338 2759 3401 Euxino.

575 3439 764 3503 Mare
831 3458 1140 3524 magnum
1205 3441 1437 3506 dicitur
1490 3460 1670 3505 mare
1746 3451 2040 3506 nostrum
2093 3451 2158 3505 et
2229 3460 2408 3506 mare
2451 3439 2764 3504 mediter-

411 3563 679 3610 raneum
697 3588 718 3630 ‚
764 3554 832 3609 et
875 3544 961 3609 de
997 3546 1110 3610 illo
1149 3546 1310 3610 mari
1351 3546 1527 3631 loqui
1567 3555 1670 3609 est
1713 3547 1903 3609 nobis
1948 3546 2164 3630 magis
2214 3545 2296 3608 ad
2339 3547 2761 3629 propositum.

409 3649 623 3715 Primo
667 3649 923 3734 quidem
979 3650 1217 3716 dieitur
1281 3670 1459 3714 mare
1522 3669 1828 3734 magnum
1843 3652 1872 3734 ‚'
1938 3653 2093 3734 quia
2148 3658 2410 3713 caetera
2452 3653 2654 3714 maria
2696 3658 2763 3713 et

410 3753 597 3821 lacus
651 3756 720 3818 iu
778 3755 924 3839 ejus
987 3758 1469 3840 comparatione
1553 3764 1710 3819 sunt
1775 3758 2039 3820 minora.
2153 3753 2457 3818 Secundo
2531 3754 2763 3819 dicitur

410 3870 591 3923 mure
656 3870 984 3945 nostrum,
1048 3864 1204 3947 quia
1266 3861 1457 3926 nobis
1515 3870 1769 3944 notum,
1834 3859 2023 3924 nobis
2078 3861 2543 3945 propinquum,
2614 3867 2682 3922 et
2722 3876 2763 3921 a

410 3964 600 4028 nobis
640 3967 969 4031 usitatum.
1056 3966 1277 4030 Tertio
1337 3984 1497 4030 vero
1556 3965 1791 4033 dieitur
1851 3962 2389 4031 mediterraneum
2404 4011 2426 4049 ‚
2487 3964 2639 4047 quia
2679 3963 2763 4026 ab

411 4068 753 4134 occidente
794 4088 915 4154 per
954 4072 1232 4139 mediam
1300 4080 1540 4136 terram
1582 4090 1795 4156 usque
1851 4072 1919 4135 in
1961 4073 2270 4135 orientem
2334 4068 2764 4154 perfunditur,

411 4183 479 4237 et
540 4175 1002 4259 principalibus
1039 4176 1263 4241 mundi
1329 4177 1623 4261 partibus
1638 4223 1661 4262 ‚
1728 4176 1987 4241 scilieet
2041 4177 2380 4261 Europae,
2436 4176 2645 4239 Asiae
2697 4180 2766 4237 et

413 4277 707 4343 Africae
774 4279 1145 4365 interjacet,
1212 4282 1395 4366 ipsis
1466 4296 1549 4347 ω
1609 4291 1678 4348 et
1768 4283 1908 4347 fluis
1967 4281 2251 4347 brachiis
2325 4281 2407 4345 ab
2479 4279 2766 4342 invteem

409 4398 729 4467 separans
766 4394 836 4451 et
865 4385 1293 4470 distinguens.
1337 4387 1559 4455 Habet
1599 4389 1775 4453 enim
1808 4388 1893 4452 ab
1937 4388 2186 4453 oriente
2219 4396 2286 4451 et
2319 4383 2766 4467 septentrione
