<?xml version="1.0" encoding="UTF-8"?>
<!DOCTYPE html PUBLIC "-//W3C//DTD XHTML 1.0 Transitional//EN"
    "http://www.w3.org/TR/xhtml1/DTD/xhtml1-transitional.dtd">
<html xmlns="http://www.w3.org/1999/xhtml" xml:lang="en" lang="en">
 <head>
  <title>
</title>
<meta http-equiv="Content-Type" content="text/html;charset=utf-8" />
  <meta name='ocr-system' content='tesseract 3.04.00' />
  <meta name='ocr-capabilities' content='ocr_page ocr_carea ocr_par ocr_line ocrx_word'/>
</head>
<body>
  <div class='ocr_page' id='page_1' title='image "./fratrisfelicisf00unkngoog_0174.png"; bbox 0 0 3242 5259; ppageno 0'>
   <div class='ocr_carea' id='block_1_1' title="bbox 1629 338 1753 404">
    <p class='ocr_par' dir='ltr' id='par_1_1' title="bbox 1629 338 1753 404">
     <span class='ocr_line' id='line_1_1' title="bbox 1629 338 1753 404; baseline -0.016 0"><span class='ocrx_word' id='word_1_1' title='bbox 1629 338 1753 404; x_wconf 73' lang='lat'><strong>156</strong></span> 
     </span>
    </p>
   </div>
   <div class='ocr_carea' id='block_1_2' title="bbox 508 506 2872 4487">
    <p class='ocr_par' dir='ltr' id='par_1_2' title="bbox 510 506 2857 725">
     <span class='ocr_line' id='line_1_2' title="bbox 510 506 2857 607; baseline -0.004 -16"><span class='ocrx_word' id='word_1_2' title='bbox 510 510 579 603; x_wconf 80' lang='lat' dir='ltr'><strong>in</strong></span> <span class='ocrx_word' id='word_1_3' title='bbox 635 525 808 589; x_wconf 85' lang='lat' dir='ltr'><strong>latus</strong></span> <span class='ocrx_word' id='word_1_4' title='bbox 862 537 1098 587; x_wconf 85' lang='lat' dir='ltr'><strong>eversa</strong></span> <span class='ocrx_word' id='word_1_5' title='bbox 1164 506 1397 583; x_wconf 77' lang='lat' dir='ltr'><strong>fuisset</strong></span> <span class='ocrx_word' id='word_1_6' title='bbox 1411 562 1432 603; x_wconf 91' lang='lat'><strong>,</strong></span> <span class='ocrx_word' id='word_1_7' title='bbox 1496 517 1734 589; x_wconf 75' lang='lat' dir='ltr'><strong>nullus,</strong></span> <span class='ocrx_word' id='word_1_8' title='bbox 1783 517 1866 583; x_wconf 87' lang='lat' dir='ltr'><strong>de</strong></span> <span class='ocrx_word' id='word_1_9' title='bbox 1932 518 2328 604; x_wconf 77' lang='lat' dir='ltr'><strong>peregrinis,</strong></span> <span class='ocrx_word' id='word_1_10' title='bbox 2388 519 2501 607; x_wconf 86' lang='lat' dir='ltr'><strong>qui</strong></span> <span class='ocrx_word' id='word_1_11' title='bbox 2547 527 2747 601; x_wconf 51' lang='lat' dir='ltr'><strong>,erant</strong></span> <span class='ocrx_word' id='word_1_12' title='bbox 2788 519 2857 582; x_wconf 89' lang='lat' dir='ltr'><strong>in</strong></span> 
     </span>
     <span class='ocr_line' id='line_1_3' title="bbox 510 614 1876 725; baseline -0.012 -27"><span class='ocrx_word' id='word_1_13' title='bbox 510 614 768 714; x_wconf 81' lang='lat' dir='ltr'><strong>carina,</strong></span> <span class='ocrx_word' id='word_1_14' title='bbox 811 632 1080 691; x_wconf 83' lang='lat' dir='ltr'><strong>mortem</strong></span> <span class='ocrx_word' id='word_1_15' title='bbox 1124 625 1469 688; x_wconf 84' lang='lat' dir='ltr'><strong>evasisset.</strong></span> <span class='ocrx_word' id='word_1_16' title='bbox 1863 710 1876 725; x_wconf 48' lang='lat'><strong>·</strong></span> 
     </span>
    </p>

    <p class='ocr_par' dir='ltr' id='par_1_3' title="bbox 508 726 2872 4487">
     <span class='ocr_line' id='line_1_4' title="bbox 678 726 2857 812; baseline -0.002 -15"><span class='ocrx_word' id='word_1_17' title='bbox 678 733 888 797; x_wconf 85' lang='lat' dir='ltr'><strong>Sexta</strong></span> <span class='ocrx_word' id='word_1_18' title='bbox 940 729 1047 793; x_wconf 87' lang='lat' dir='ltr'><strong>die</strong></span> <span class='ocrx_word' id='word_1_19' title='bbox 1102 728 1315 794; x_wconf 85' lang='lat' dir='ltr'><strong>adhuc</strong></span> <span class='ocrx_word' id='word_1_20' title='bbox 1378 729 1726 792; x_wconf 87' lang='lat' dir='ltr'><strong>manebant</strong></span> <span class='ocrx_word' id='word_1_21' title='bbox 1785 729 1968 791; x_wconf 82' lang='lat' dir='ltr'><strong>venti</strong></span> <span class='ocrx_word' id='word_1_22' title='bbox 2023 726 2320 812; x_wconf 85' lang='lat' dir='ltr'><strong>inutiles,</strong></span> <span class='ocrx_word' id='word_1_23' title='bbox 2388 737 2456 792; x_wconf 92' lang='lat' dir='ltr'><strong>et</strong></span> <span class='ocrx_word' id='word_1_24' title='bbox 2514 726 2857 812; x_wconf 84' lang='lat' dir='ltr'><strong>doluimus,</strong></span> 
     </span>
     <span class='ocr_line' id='line_1_5' title="bbox 512 824 2861 924; baseline -0.003 -21"><span class='ocrx_word' id='word_1_25' title='bbox 512 837 683 924; x_wconf 88' lang='lat' dir='ltr'><strong>quod</strong></span> <span class='ocrx_word' id='word_1_26' title='bbox 725 824 808 901; x_wconf 74' lang='lat' dir='ltr'><strong>de</strong></span> <span class='ocrx_word' id='word_1_27' title='bbox 859 844 1049 919; x_wconf 82' lang='lat' dir='ltr'><strong>portu</strong></span> <span class='ocrx_word' id='word_1_28' title='bbox 1095 833 1425 897; x_wconf 85' lang='lat' dir='ltr'><strong>rubiuensi</strong></span> <span class='ocrx_word' id='word_1_29' title='bbox 1468 833 1724 919; x_wconf 85' lang='lat' dir='ltr'><strong>egressi</strong></span> <span class='ocrx_word' id='word_1_30' title='bbox 1765 833 2041 915; x_wconf 82' lang='lat' dir='ltr'><strong>fuimus,</strong></span> <span class='ocrx_word' id='word_1_31' title='bbox 2102 841 2170 896; x_wconf 93' lang='lat' dir='ltr'><strong>et</strong></span> <span class='ocrx_word' id='word_1_32' title='bbox 2212 849 2449 896; x_wconf 80' lang='lat' dir='ltr'><strong>navem</strong></span> <span class='ocrx_word' id='word_1_33' title='bbox 2489 834 2748 923; x_wconf 35' lang='lat' dir='ltr'><strong>iterum·</strong></span> <span class='ocrx_word' id='word_1_34' title='bbox 2775 832 2861 897; x_wconf 83' lang='lat' dir='ltr'><strong>ad</strong></span> 
     </span>
     <span class='ocr_line' id='line_1_6' title="bbox 511 928 2861 1024; baseline -0.002 -16"><span class='ocrx_word' id='word_1_35' title='bbox 511 951 816 1008; x_wconf 85' lang='lat' dir='ltr'><strong>montana</strong></span> <span class='ocrx_word' id='word_1_36' title='bbox 856 942 1317 1022; x_wconf 84' lang='lat' dir='ltr'><strong>convertimus,</strong></span> <span class='ocrx_word' id='word_1_37' title='bbox 1348 946 1419 1001; x_wconf 89' lang='lat' dir='ltr'><strong>ut</strong></span> <span class='ocrx_word' id='word_1_38' title='bbox 1461 938 1744 1021; x_wconf 75' lang='lat' dir='ltr'><strong>aliquem</strong></span> <span class='ocrx_word' id='word_1_39' title='bbox 1782 946 2037 1022; x_wconf 83' lang='lat' dir='ltr'><strong>portum</strong></span> <span class='ocrx_word' id='word_1_40' title='bbox 2063 937 2448 1013; x_wconf 81' lang='lat' dir='ltr'><strong>intraremus</strong></span> <span class='ocrx_word' id='word_1_41' title='bbox 2487 939 2575 1003; x_wconf 87' lang='lat' dir='ltr'><strong>ad</strong></span> <span class='ocrx_word' id='word_1_42' title='bbox 2613 928 2861 1024; x_wconf 76' lang='lat' dir='ltr'><strong>expec-</strong></span> 
     </span>
     <span class='ocr_line' id='line_1_7' title="bbox 513 1041 2862 1129; baseline -0.003 -18"><span class='ocrx_word' id='word_1_43' title='bbox 513 1046 775 1129; x_wconf 74' lang='lat' dir='ltr'><strong>tandum</strong></span> <span class='ocrx_word' id='word_1_44' title='bbox 826 1053 1064 1109; x_wconf 85' lang='lat' dir='ltr'><strong>ventos</strong></span> <span class='ocrx_word' id='word_1_45' title='bbox 1102 1042 1464 1111; x_wconf 68' lang='lat' dir='ltr'><strong>secmdos.</strong></span> <span class='ocrx_word' id='word_1_46' title='bbox 1533 1041 1730 1107; x_wconf 88' lang='lat' dir='ltr'><strong>Stant</strong></span> <span class='ocrx_word' id='word_1_47' title='bbox 1772 1044 1944 1107; x_wconf 85' lang='lat' dir='ltr'><strong>enim</strong></span> <span class='ocrx_word' id='word_1_48' title='bbox 1985 1043 2183 1127; x_wconf 79' lang='lat' dir='ltr'><strong>sigua</strong></span> <span class='ocrx_word' id='word_1_49' title='bbox 2222 1044 2290 1105; x_wconf 85' lang='lat' dir='ltr'><strong>in</strong></span> <span class='ocrx_word' id='word_1_50' title='bbox 2333 1045 2656 1109; x_wconf 89' lang='lat' dir='ltr'><strong>montibus</strong></span> <span class='ocrx_word' id='word_1_51' title='bbox 2700 1045 2862 1107; x_wconf 88' lang='lat' dir='ltr'><strong>mari</strong></span> 
     </span>
     <span class='ocr_line' id='line_1_8' title="bbox 512 1134 2861 1235; baseline -0.002 -18"><span class='ocrx_word' id='word_1_52' title='bbox 512 1134 992 1235; x_wconf 85' lang='lat' dir='ltr'><strong>adjacentibus,</strong></span> <span class='ocrx_word' id='word_1_53' title='bbox 1061 1150 1295 1233; x_wconf 76' lang='lat' dir='ltr'><strong>qutbus</strong></span> <span class='ocrx_word' id='word_1_54' title='bbox 1336 1146 1731 1231; x_wconf 68' lang='lat' dir='ltr'><strong>navigantes</strong></span> <span class='ocrx_word' id='word_1_55' title='bbox 1793 1156 2233 1232; x_wconf 84' lang='lat' dir='ltr'><strong>cognoscunt,</strong></span> <span class='ocrx_word' id='word_1_56' title='bbox 2292 1150 2403 1219; x_wconf 88' lang='lat' dir='ltr'><strong>ubi</strong></span> <span class='ocrx_word' id='word_1_57' title='bbox 2463 1150 2596 1212; x_wconf 87' lang='lat' dir='ltr'><strong>sint</strong></span> <span class='ocrx_word' id='word_1_58' title='bbox 2644 1147 2861 1212; x_wconf 89' lang='lat' dir='ltr'><strong>securi</strong></span> 
     </span>
     <span class='ocr_line' id='line_1_9' title="bbox 511 1240 2862 1341; baseline -0.002 -21"><span class='ocrx_word' id='word_1_59' title='bbox 511 1267 774 1341; x_wconf 89' lang='lat' dir='ltr'><strong>portus,</strong></span> <span class='ocrx_word' id='word_1_60' title='bbox 818 1265 883 1319; x_wconf 88' lang='lat' dir='ltr'><strong>et</strong></span> <span class='ocrx_word' id='word_1_61' title='bbox 925 1254 1009 1318; x_wconf 87' lang='lat' dir='ltr'><strong>ad</strong></span> <span class='ocrx_word' id='word_1_62' title='bbox 1051 1262 1287 1323; x_wconf 75' lang='lat' dir='ltr'><strong>terram</strong></span> <span class='ocrx_word' id='word_1_63' title='bbox 1326 1253 1540 1336; x_wconf 62' lang='lat' dir='ltr'><strong>pdsit</strong></span> <span class='ocrx_word' id='word_1_64' title='bbox 1594 1269 1750 1315; x_wconf 89' lang='lat' dir='ltr'><strong>esse</strong></span> <span class='ocrx_word' id='word_1_65' title='bbox 1810 1270 2161 1337; x_wconf 88' lang='lat' dir='ltr'><strong>accessus,</strong></span> <span class='ocrx_word' id='word_1_66' title='bbox 2219 1262 2286 1316; x_wconf 80' lang='lat' dir='ltr'><strong>et</strong></span> <span class='ocrx_word' id='word_1_67' title='bbox 2327 1255 2453 1318; x_wconf 88' lang='lat' dir='ltr'><strong>nisi</strong></span> <span class='ocrx_word' id='word_1_68' title='bbox 2505 1254 2620 1318; x_wconf 87' lang='lat' dir='ltr'><strong>illa</strong></span> <span class='ocrx_word' id='word_1_69' title='bbox 2669 1240 2862 1338; x_wconf 78' lang='lat' dir='ltr'><strong>&#39;sigua</strong></span> 
     </span>
     <span class='ocr_line' id='line_1_10' title="bbox 511 1356 2863 1444; baseline -0.002 -19"><span class='ocrx_word' id='word_1_70' title='bbox 511 1361 827 1444; x_wconf 88' lang='lat' dir='ltr'><strong>viderint,</strong></span> <span class='ocrx_word' id='word_1_71' title='bbox 892 1378 1022 1424; x_wconf 85' lang='lat' dir='ltr'><strong>non</strong></span> <span class='ocrx_word' id='word_1_72' title='bbox 1067 1356 1310 1423; x_wconf 84' lang='lat' dir='ltr'><strong>audent</strong></span> <span class='ocrx_word' id='word_1_73' title='bbox 1350 1375 1501 1421; x_wconf 90' lang='lat' dir='ltr'><strong>cum</strong></span> <span class='ocrx_word' id='word_1_74' title='bbox 1551 1360 1810 1441; x_wconf 80' lang='lat' dir='ltr'><strong>magnis</strong></span> <span class='ocrx_word' id='word_1_75' title='bbox 1851 1358 1981 1422; x_wconf 90' lang='lat' dir='ltr'><strong>illis</strong></span> <span class='ocrx_word' id='word_1_76' title='bbox 2034 1359 2314 1423; x_wconf 79' lang='lat' dir='ltr'><strong>navibus</strong></span> <span class='ocrx_word' id='word_1_77' title='bbox 2358 1369 2571 1424; x_wconf 87' lang='lat' dir='ltr'><strong>terrae</strong></span> <span class='ocrx_word' id='word_1_78' title='bbox 2621 1375 2863 1441; x_wconf 87' lang='lat' dir='ltr'><strong>appro-</strong></span> 
     </span>
     <span class='ocr_line' id='line_1_11' title="bbox 512 1464 2865 1551; baseline -0.001 -21"><span class='ocrx_word' id='word_1_79' title='bbox 512 1468 846 1551; x_wconf 85' lang='lat' dir='ltr'><strong>pinquare.</strong></span> <span class='ocrx_word' id='word_1_80' title='bbox 932 1464 1100 1528; x_wconf 88' lang='lat' dir='ltr'><strong>Viso</strong></span> <span class='ocrx_word' id='word_1_81' title='bbox 1144 1481 1300 1548; x_wconf 77' lang='lat' dir='ltr'><strong>ergo</strong></span> <span class='ocrx_word' id='word_1_82' title='bbox 1343 1464 1534 1546; x_wconf 83' lang='lat' dir='ltr'><strong>signo</strong></span> <span class='ocrx_word' id='word_1_83' title='bbox 1576 1464 1793 1526; x_wconf 87' lang='lat' dir='ltr'><strong>securi</strong></span> <span class='ocrx_word' id='word_1_84' title='bbox 1848 1474 2074 1547; x_wconf 86' lang='lat' dir='ltr'><strong>portus</strong></span> <span class='ocrx_word' id='word_1_85' title='bbox 2117 1474 2184 1528; x_wconf 85' lang='lat' dir='ltr'><strong>et</strong></span> <span class='ocrx_word' id='word_1_86' title='bbox 2227 1482 2540 1530; x_wconf 74' lang='lat' dir='ltr'><strong>accessus</strong></span> <span class='ocrx_word' id='word_1_87' title='bbox 2581 1481 2865 1527; x_wconf 81' lang='lat' dir='ltr'><strong>conver-</strong></span> 
     </span>
     <span class='ocr_line' id='line_1_12' title="bbox 514 1568 2861 1653; baseline -0.002 -18"><span class='ocrx_word' id='word_1_88' title='bbox 514 1572 710 1635; x_wconf 85' lang='lat' dir='ltr'><strong>timus</strong></span> <span class='ocrx_word' id='word_1_89' title='bbox 757 1579 1032 1635; x_wconf 85' lang='lat' dir='ltr'><strong>rostrum</strong></span> <span class='ocrx_word' id='word_1_90' title='bbox 1074 1568 1307 1653; x_wconf 72' lang='lat' dir='ltr'><strong>galeae</strong></span> <span class='ocrx_word' id='word_1_91' title='bbox 1346 1577 1612 1632; x_wconf 88' lang='lat' dir='ltr'><strong>nostrae</strong></span> <span class='ocrx_word' id='word_1_92' title='bbox 1654 1577 1881 1632; x_wconf 88' lang='lat' dir='ltr'><strong>contra</strong></span> <span class='ocrx_word' id='word_1_93' title='bbox 1910 1578 2235 1653; x_wconf 88' lang='lat' dir='ltr'><strong>montana,</strong></span> <span class='ocrx_word' id='word_1_94' title='bbox 2263 1580 2329 1634; x_wconf 92' lang='lat' dir='ltr'><strong>et</strong></span> <span class='ocrx_word' id='word_1_95' title='bbox 2366 1572 2536 1635; x_wconf 88' lang='lat' dir='ltr'><strong>inter</strong></span> <span class='ocrx_word' id='word_1_96' title='bbox 2574 1572 2861 1653; x_wconf 87' lang='lat' dir='ltr'><strong>parietes</strong></span> 
     </span>
     <span class='ocr_line' id='line_1_13' title="bbox 515 1674 2863 1759; baseline -0.001 -20"><span class='ocrx_word' id='word_1_97' title='bbox 515 1677 767 1758; x_wconf 83' lang='lat' dir='ltr'><strong>rupium</strong></span> <span class='ocrx_word' id='word_1_98' title='bbox 832 1675 1164 1758; x_wconf 83' lang='lat' dir='ltr'><strong>venimus,</strong></span> <span class='ocrx_word' id='word_1_99' title='bbox 1238 1682 1305 1736; x_wconf 81' lang='lat' dir='ltr'><strong>et</strong></span> <span class='ocrx_word' id='word_1_100' title='bbox 1356 1675 1643 1757; x_wconf 84' lang='lat' dir='ltr'><strong>ingressi</strong></span> <span class='ocrx_word' id='word_1_101' title='bbox 1705 1692 1854 1737; x_wconf 87' lang='lat' dir='ltr'><strong>cum</strong></span> <span class='ocrx_word' id='word_1_102' title='bbox 1921 1674 2115 1759; x_wconf 67' lang='lat' dir='ltr'><strong>galea</strong></span> <span class='ocrx_word' id='word_1_103' title='bbox 2172 1677 2240 1738; x_wconf 92' lang='lat' dir='ltr'><strong>in</strong></span> <span class='ocrx_word' id='word_1_104' title='bbox 2293 1675 2532 1740; x_wconf 82' lang='lat' dir='ltr'><strong>vallem</strong></span> <span class='ocrx_word' id='word_1_105' title='bbox 2608 1682 2863 1757; x_wconf 88' lang='lat' dir='ltr'><strong>portum</strong></span> 
     </span>
     <span class='ocr_line' id='line_1_14' title="bbox 508 1779 2862 1863; baseline 0 -20"><span class='ocrx_word' id='word_1_106' title='bbox 508 1798 815 1843; x_wconf 80' lang='lat' dir='ltr'><strong>securum</strong></span> <span class='ocrx_word' id='word_1_107' title='bbox 858 1779 947 1842; x_wconf 87' lang='lat' dir='ltr'><strong>ibi</strong></span> <span class='ocrx_word' id='word_1_108' title='bbox 1010 1780 1401 1860; x_wconf 87' lang='lat' dir='ltr'><strong>reperimus,</strong></span> <span class='ocrx_word' id='word_1_109' title='bbox 1468 1788 1534 1841; x_wconf 90' lang='lat' dir='ltr'><strong>et</strong></span> <span class='ocrx_word' id='word_1_110' title='bbox 1594 1779 1823 1863; x_wconf 90' lang='lat' dir='ltr'><strong>ejectis</strong></span> <span class='ocrx_word' id='word_1_111' title='bbox 1877 1781 2180 1844; x_wconf 84' lang='lat' dir='ltr'><strong>anchoris</strong></span> <span class='ocrx_word' id='word_1_112' title='bbox 2222 1779 2304 1844; x_wconf 89' lang='lat' dir='ltr'><strong>ad</strong></span> <span class='ocrx_word' id='word_1_113' title='bbox 2370 1797 2568 1863; x_wconf 81' lang='lat' dir='ltr'><strong>rupes</strong></span> <span class='ocrx_word' id='word_1_114' title='bbox 2622 1797 2862 1843; x_wconf 78' lang='lat' dir='ltr'><strong>navem</strong></span> 
     </span>
     <span class='ocr_line' id='line_1_15' title="bbox 514 1881 2863 1967; baseline -0.001 -20"><span class='ocrx_word' id='word_1_115' title='bbox 514 1884 928 1967; x_wconf 67' lang='lat' dir='ltr'><strong>alligavimus</strong></span> <span class='ocrx_word' id='word_1_116' title='bbox 970 1885 1201 1964; x_wconf 87' lang='lat' dir='ltr'><strong>sicque</strong></span> <span class='ocrx_word' id='word_1_117' title='bbox 1242 1899 1388 1945; x_wconf 84' lang='lat' dir='ltr'><strong>eam</strong></span> <span class='ocrx_word' id='word_1_118' title='bbox 1445 1881 1896 1949; x_wconf 78' lang='lat' dir='ltr'><strong>stabilivimus.</strong></span> <span class='ocrx_word' id='word_1_119' title='bbox 1982 1887 2105 1950; x_wconf 79' lang='lat' dir='ltr'><strong>Est</strong></span> <span class='ocrx_word' id='word_1_120' title='bbox 2149 1895 2364 1950; x_wconf 87' lang='lat' dir='ltr'><strong>autem</strong></span> <span class='ocrx_word' id='word_1_121' title='bbox 2421 1893 2646 1966; x_wconf 83' lang='lat' dir='ltr'><strong>portus</strong></span> <span class='ocrx_word' id='word_1_122' title='bbox 2700 1883 2863 1945; x_wconf 82' lang='lat' dir='ltr'><strong>nihil</strong></span> 
     </span>
     <span class='ocr_line' id='line_1_16' title="bbox 515 1985 2862 2073; baseline -0.001 -20"><span class='ocrx_word' id='word_1_123' title='bbox 515 1988 691 2053; x_wconf 90' lang='lat' dir='ltr'><strong>aliud</strong></span> <span class='ocrx_word' id='word_1_124' title='bbox 704 2034 726 2072; x_wconf 91' lang='lat'><strong>,</strong></span> <span class='ocrx_word' id='word_1_125' title='bbox 789 1988 916 2053; x_wconf 90' lang='lat' dir='ltr'><strong>nisi</strong></span> <span class='ocrx_word' id='word_1_126' title='bbox 967 1985 1171 2066; x_wconf 66' lang='lat' dir='ltr'><strong>⁴locus</strong></span> <span class='ocrx_word' id='word_1_127' title='bbox 1229 1987 1557 2051; x_wconf 89' lang='lat' dir='ltr'><strong>montibus</strong></span> <span class='ocrx_word' id='word_1_128' title='bbox 1617 1996 1687 2051; x_wconf 87' lang='lat' dir='ltr'><strong>et</strong></span> <span class='ocrx_word' id='word_1_129' title='bbox 1748 1988 2021 2053; x_wconf 89' lang='lat' dir='ltr'><strong>collibus</strong></span> <span class='ocrx_word' id='word_1_130' title='bbox 2077 1991 2542 2073; x_wconf 86' lang='lat' dir='ltr'><strong>circumdatus,</strong></span> <span class='ocrx_word' id='word_1_131' title='bbox 2603 1988 2673 2052; x_wconf 89' lang='lat' dir='ltr'><strong>iu</strong></span> <span class='ocrx_word' id='word_1_132' title='bbox 2730 2005 2862 2070; x_wconf 89' lang='lat' dir='ltr'><strong>quo</strong></span> 
     </span>
     <span class='ocr_line' id='line_1_17' title="bbox 520 2092 2863 2179; baseline -0.002 -22"><span class='ocrx_word' id='word_1_133' title='bbox 520 2110 731 2157; x_wconf 84' lang='lat' dir='ltr'><strong>naves</strong></span> <span class='ocrx_word' id='word_1_134' title='bbox 803 2093 1051 2175; x_wconf 86' lang='lat' dir='ltr'><strong>absque</strong></span> <span class='ocrx_word' id='word_1_135' title='bbox 1106 2100 1447 2156; x_wconf 83' lang='lat' dir='ltr'><strong>ventorum</strong></span> <span class='ocrx_word' id='word_1_136' title='bbox 1489 2092 1787 2156; x_wconf 87' lang='lat' dir='ltr'><strong>molestia</strong></span> <span class='ocrx_word' id='word_1_137' title='bbox 1846 2101 2025 2157; x_wconf 89' lang='lat' dir='ltr'><strong>stare</strong></span> <span class='ocrx_word' id='word_1_138' title='bbox 2081 2105 2389 2179; x_wconf 89' lang='lat' dir='ltr'><strong>possunt,</strong></span> <span class='ocrx_word' id='word_1_139' title='bbox 2458 2111 2583 2156; x_wconf 92' lang='lat' dir='ltr'><strong>nec</strong></span> <span class='ocrx_word' id='word_1_140' title='bbox 2645 2101 2863 2155; x_wconf 92' lang='lat' dir='ltr'><strong>tamen</strong></span> 
     </span>
     <span class='ocr_line' id='line_1_18' title="bbox 519 2196 2861 2289; baseline -0.001 -26"><span class='ocrx_word' id='word_1_141' title='bbox 519 2208 748 2282; x_wconf 88' lang='lat' dir='ltr'><strong>posset</strong></span> <span class='ocrx_word' id='word_1_142' title='bbox 790 2215 942 2261; x_wconf 88' lang='lat' dir='ltr'><strong>esse</strong></span> <span class='ocrx_word' id='word_1_143' title='bbox 978 2205 1206 2280; x_wconf 88' lang='lat' dir='ltr'><strong>portus</strong></span> <span class='ocrx_word' id='word_1_144' title='bbox 1251 2198 1463 2261; x_wconf 90' lang='lat' dir='ltr'><strong>solum</strong></span> <span class='ocrx_word' id='word_1_145' title='bbox 1498 2196 1749 2262; x_wconf 85' lang='lat' dir='ltr'><strong>ratione</strong></span> <span class='ocrx_word' id='word_1_146' title='bbox 1790 2200 2181 2289; x_wconf 73' lang='lat' dir='ltr'><strong>securitatis,</strong></span> <span class='ocrx_word' id='word_1_147' title='bbox 2214 2200 2336 2264; x_wconf 92' lang='lat' dir='ltr'><strong>sed</strong></span> <span class='ocrx_word' id='word_1_148' title='bbox 2361 2201 2554 2264; x_wconf 87' lang='lat' dir='ltr'><strong>etiam</strong></span> <span class='ocrx_word' id='word_1_149' title='bbox 2583 2206 2861 2282; x_wconf 89' lang='lat' dir='ltr'><strong>oportet,</strong></span> 
     </span>
     <span class='ocr_line' id='line_1_19' title="bbox 521 2301 2866 2389; baseline -0 -23"><span class='ocrx_word' id='word_1_150' title='bbox 521 2302 695 2387; x_wconf 89' lang='lat' dir='ltr'><strong>quod</strong></span> <span class='ocrx_word' id='word_1_151' title='bbox 736 2320 915 2367; x_wconf 87' lang='lat' dir='ltr'><strong>mare</strong></span> <span class='ocrx_word' id='word_1_152' title='bbox 956 2302 1048 2369; x_wconf 89' lang='lat' dir='ltr'><strong>ibi</strong></span> <span class='ocrx_word' id='word_1_153' title='bbox 1090 2303 1176 2366; x_wconf 89' lang='lat' dir='ltr'><strong>sit</strong></span> <span class='ocrx_word' id='word_1_154' title='bbox 1217 2301 1641 2387; x_wconf 66' lang='lat' dir='ltr'><strong>protundumg</strong></span> <span class='ocrx_word' id='word_1_155' title='bbox 1702 2321 1827 2367; x_wconf 90' lang='lat' dir='ltr'><strong>nec</strong></span> <span class='ocrx_word' id='word_1_156' title='bbox 1867 2305 2135 2388; x_wconf 87' lang='lat' dir='ltr'><strong>insuper</strong></span> <span class='ocrx_word' id='word_1_157' title='bbox 2200 2306 2544 2389; x_wconf 79' lang='lat' dir='ltr'><strong>requiritur</strong></span> <span class='ocrx_word' id='word_1_158' title='bbox 2586 2303 2670 2367; x_wconf 87' lang='lat' dir='ltr'><strong>ad</strong></span> <span class='ocrx_word' id='word_1_159' title='bbox 2708 2320 2866 2387; x_wconf 87' lang='lat' dir='ltr'><strong>por-</strong></span> 
     </span>
     <span class='ocr_line' id='line_1_20' title="bbox 522 2406 2865 2494; baseline 0 -24"><span class='ocrx_word' id='word_1_160' title='bbox 522 2416 679 2491; x_wconf 88' lang='lat' dir='ltr'><strong>tum,</strong></span> <span class='ocrx_word' id='word_1_161' title='bbox 710 2406 883 2490; x_wconf 88' lang='lat' dir='ltr'><strong>quod</strong></span> <span class='ocrx_word' id='word_1_162' title='bbox 923 2408 1013 2471; x_wconf 86' lang='lat' dir='ltr'><strong>ibi</strong></span> <span class='ocrx_word' id='word_1_163' title='bbox 1054 2411 1191 2472; x_wconf 83' lang='lat' dir='ltr'><strong>sint</strong></span> <span class='ocrx_word' id='word_1_164' title='bbox 1229 2409 1557 2474; x_wconf 86' lang='lat' dir='ltr'><strong>hominum</strong></span> <span class='ocrx_word' id='word_1_165' title='bbox 1586 2407 1876 2492; x_wconf 66' lang='grc' dir='ltr'><strong>(ΜΔ)</strong></span> <span class='ocrx_word' id='word_1_166' title='bbox 1923 2411 2390 2494; x_wconf 76' lang='lat' dir='ltr'><strong>habitauoiies,</strong></span> <span class='ocrx_word' id='word_1_167' title='bbox 2433 2410 2557 2475; x_wconf 92' lang='lat' dir='ltr'><strong>sed</strong></span> <span class='ocrx_word' id='word_1_168' title='bbox 2598 2409 2865 2490; x_wconf 84' lang='lat' dir='ltr'><strong>sufficit,</strong></span> 
     </span>
     <span class='ocr_line' id='line_1_21' title="bbox 524 2511 2861 2600; baseline 0.001 -24"><span class='ocrx_word' id='word_1_169' title='bbox 524 2511 700 2598; x_wconf 87' lang='lat' dir='ltr'><strong>quod</strong></span> <span class='ocrx_word' id='word_1_170' title='bbox 759 2531 966 2576; x_wconf 83' lang='lat' dir='ltr'><strong>naves</strong></span> <span class='ocrx_word' id='word_1_171' title='bbox 1006 2514 1097 2577; x_wconf 87' lang='lat' dir='ltr'><strong>ibi</strong></span> <span class='ocrx_word' id='word_1_172' title='bbox 1138 2517 1393 2597; x_wconf 79' lang='lat' dir='ltr'><strong>possint</strong></span> <span class='ocrx_word' id='word_1_173' title='bbox 1434 2522 1612 2578; x_wconf 87' lang='lat' dir='ltr'><strong>stare</strong></span> <span class='ocrx_word' id='word_1_174' title='bbox 1679 2517 1895 2579; x_wconf 82' lang='lat' dir='ltr'><strong>securi</strong></span> <span class='ocrx_word' id='word_1_175' title='bbox 1957 2534 1999 2578; x_wconf 88' lang='lat' dir='ltr'><strong>a</strong></span> <span class='ocrx_word' id='word_1_176' title='bbox 2049 2525 2390 2581; x_wconf 81' lang='lat' dir='ltr'><strong>ventorum</strong></span> <span class='ocrx_word' id='word_1_177' title='bbox 2452 2514 2861 2600; x_wconf 85' lang='lat' dir='ltr'><strong>impulsibus,</strong></span> 
     </span>
     <span class='ocr_line' id='line_1_22' title="bbox 521 2612 2866 2705; baseline -0.001 -23"><span class='ocrx_word' id='word_1_178' title='bbox 521 2618 672 2682; x_wconf 84' lang='lat' dir='ltr'><strong>sive</strong></span> <span class='ocrx_word' id='word_1_179' title='bbox 711 2619 801 2681; x_wconf 88' lang='lat' dir='ltr'><strong>sit</strong></span> <span class='ocrx_word' id='word_1_180' title='bbox 847 2618 1033 2682; x_wconf 82' lang='lat' dir='ltr'><strong>locus</strong></span> <span class='ocrx_word' id='word_1_181' title='bbox 1068 2619 1472 2705; x_wconf 85' lang='lat' dir='ltr'><strong>habitabilis,</strong></span> <span class='ocrx_word' id='word_1_182' title='bbox 1508 2612 1666 2683; x_wconf 78' lang='lat' dir='ltr'><strong>&#39;sive</strong></span> <span class='ocrx_word' id='word_1_183' title='bbox 1718 2620 2176 2684; x_wconf 87' lang='lat' dir='ltr'><strong>inhabitabilis.</strong></span> <span class='ocrx_word' id='word_1_184' title='bbox 2260 2622 2496 2686; x_wconf 88' lang='lat' dir='ltr'><strong>Portus</strong></span> <span class='ocrx_word' id='word_1_185' title='bbox 2537 2621 2709 2683; x_wconf 90' lang='lat' dir='ltr'><strong>enim</strong></span> <span class='ocrx_word' id='word_1_186' title='bbox 2751 2617 2866 2681; x_wconf 90' lang='lat' dir='ltr'><strong>ille</strong></span> 
     </span>
     <span class='ocr_line' id='line_1_23' title="bbox 525 2722 2866 2812; baseline -0.001 -25"><span class='ocrx_word' id='word_1_187' title='bbox 525 2732 664 2789; x_wconf 87' lang='lat' dir='ltr'><strong>erat</strong></span> <span class='ocrx_word' id='word_1_188' title='bbox 706 2726 777 2787; x_wconf 87' lang='lat' dir='ltr'><strong>in</strong></span> <span class='ocrx_word' id='word_1_189' title='bbox 848 2723 993 2787; x_wconf 88' lang='lat' dir='ltr'><strong>loco</strong></span> <span class='ocrx_word' id='word_1_190' title='bbox 1054 2722 1319 2788; x_wconf 83' lang='lat' dir='ltr'><strong>deserto</strong></span> <span class='ocrx_word' id='word_1_191' title='bbox 1354 2726 1424 2787; x_wconf 85' lang='lat' dir='ltr'><strong>in</strong></span> <span class='ocrx_word' id='word_1_192' title='bbox 1474 2724 1711 2789; x_wconf 65' lang='lat' dir='ltr'><strong>hallis</strong></span> <span class='ocrx_word' id='word_1_193' title='bbox 1754 2724 2006 2789; x_wconf 84' lang='lat' dir='ltr'><strong>Assaro</strong></span> <span class='ocrx_word' id='word_1_194' title='bbox 2066 2725 2292 2811; x_wconf 85' lang='lat' dir='ltr'><strong>dictis,</strong></span> <span class='ocrx_word' id='word_1_195' title='bbox 2344 2728 2465 2812; x_wconf 74' lang='lat' dir='ltr'><strong>&#39;qui</strong></span> <span class='ocrx_word' id='word_1_196' title='bbox 2524 2726 2707 2789; x_wconf 89' lang='lat' dir='ltr'><strong>locus</strong></span> <span class='ocrx_word' id='word_1_197' title='bbox 2750 2742 2866 2806; x_wconf 86' lang='lat' dir='ltr'><strong>per</strong></span> 
     </span>
     <span class='ocr_line' id='line_1_24' title="bbox 525 2827 2866 2913; baseline -0.001 -20"><span class='ocrx_word' id='word_1_198' title='bbox 525 2830 864 2894; x_wconf 87' lang='lat' dir='ltr'><strong>circuitum</strong></span> <span class='ocrx_word' id='word_1_199' title='bbox 905 2829 1272 2913; x_wconf 82' lang='lat' dir='ltr'><strong>scopulosis</strong></span> <span class='ocrx_word' id='word_1_200' title='bbox 1310 2838 1383 2899; x_wconf 67' lang='lat' dir='ltr'><strong>nt</strong></span> <span class='ocrx_word' id='word_1_201' title='bbox 1420 2831 1702 2913; x_wconf 59' lang='lat' dir='ltr'><strong>perosis</strong></span> <span class='ocrx_word' id='word_1_202' title='bbox 1743 2831 2068 2894; x_wconf 81' lang='lat' dir='ltr'><strong>montibus</strong></span> <span class='ocrx_word' id='word_1_203' title='bbox 2099 2842 2238 2896; x_wconf 89' lang='lat' dir='ltr'><strong>erat</strong></span> <span class='ocrx_word' id='word_1_204' title='bbox 2267 2834 2542 2897; x_wconf 88' lang='lat' dir='ltr'><strong>cinctus.</strong></span> <span class='ocrx_word' id='word_1_205' title='bbox 2584 2827 2866 2893; x_wconf 85' lang='lat' dir='ltr'><strong>Prandio</strong></span> 
     </span>
     <span class='ocr_line' id='line_1_25' title="bbox 528 2933 2868 3021; baseline -0.001 -25"><span class='ocrx_word' id='word_1_206' title='bbox 528 2952 689 3016; x_wconf 86' lang='lat' dir='ltr'><strong>ergo</strong></span> <span class='ocrx_word' id='word_1_207' title='bbox 727 2934 795 2995; x_wconf 87' lang='lat' dir='ltr'><strong>in</strong></span> <span class='ocrx_word' id='word_1_208' title='bbox 837 2933 994 2996; x_wconf 83' lang='lat' dir='ltr'><strong>navi</strong></span> <span class='ocrx_word' id='word_1_209' title='bbox 1033 2943 1290 3017; x_wconf 88' lang='lat' dir='ltr'><strong>sumpto</strong></span> <span class='ocrx_word' id='word_1_210' title='bbox 1328 2934 1556 3017; x_wconf 87' lang='lat' dir='ltr'><strong>projici</strong></span> <span class='ocrx_word' id='word_1_211' title='bbox 1594 2936 1783 2999; x_wconf 89' lang='lat' dir='ltr'><strong>nobis</strong></span> <span class='ocrx_word' id='word_1_212' title='bbox 1824 2939 2131 3021; x_wconf 84' lang='lat' dir='ltr'><strong>scapham</strong></span> <span class='ocrx_word' id='word_1_213' title='bbox 2168 2939 2237 3002; x_wconf 89' lang='lat' dir='ltr'><strong>iu</strong></span> <span class='ocrx_word' id='word_1_214' title='bbox 2280 2956 2456 3002; x_wconf 86' lang='lat' dir='ltr'><strong>mare</strong></span> <span class='ocrx_word' id='word_1_215' title='bbox 2500 2933 2868 3019; x_wconf 86' lang='lat' dir='ltr'><strong>postulavi-</strong></span> 
     </span>
     <span class='ocr_line' id='line_1_26' title="bbox 527 3035 2869 3124; baseline 0 -23"><span class='ocrx_word' id='word_1_216' title='bbox 527 3054 708 3119; x_wconf 84' lang='lat' dir='ltr'><strong>mus,</strong></span> <span class='ocrx_word' id='word_1_217' title='bbox 754 3044 823 3098; x_wconf 91' lang='lat' dir='ltr'><strong>et</strong></span> <span class='ocrx_word' id='word_1_218' title='bbox 863 3035 949 3098; x_wconf 87' lang='lat' dir='ltr'><strong>ad</strong></span> <span class='ocrx_word' id='word_1_219' title='bbox 991 3036 1146 3100; x_wconf 84' lang='lat' dir='ltr'><strong>litus</strong></span> <span class='ocrx_word' id='word_1_220' title='bbox 1187 3038 1669 3122; x_wconf 80' lang='lat' dir='ltr'><strong>navigavimus,</strong></span> <span class='ocrx_word' id='word_1_221' title='bbox 1712 3049 1779 3103; x_wconf 87' lang='lat' dir='ltr'><strong>et</strong></span> <span class='ocrx_word' id='word_1_222' title='bbox 1819 3061 1938 3124; x_wconf 89' lang='lat' dir='ltr'><strong>pro</strong></span> <span class='ocrx_word' id='word_1_223' title='bbox 1981 3043 2288 3124; x_wconf 87' lang='lat' dir='ltr'><strong>temporis</strong></span> <span class='ocrx_word' id='word_1_224' title='bbox 2328 3043 2711 3106; x_wconf 85' lang='lat' dir='ltr'><strong>deductione</strong></span> <span class='ocrx_word' id='word_1_225' title='bbox 2749 3057 2869 3123; x_wconf 89' lang='lat' dir='ltr'><strong>per</strong></span> 
     </span>
     <span class='ocr_line' id='line_1_27' title="bbox 526 3138 2863 3212; baseline 0 -7"><span class='ocrx_word' id='word_1_226' title='bbox 526 3138 805 3205; x_wconf 82' lang='lat' dir='ltr'><strong>insulam</strong></span> <span class='ocrx_word' id='word_1_227' title='bbox 851 3138 1426 3204; x_wconf 73' lang='lat' dir='ltr'><strong>deambulavaus.</strong></span> <span class='ocrx_word' id='word_1_228' title='bbox 1490 3141 1773 3207; x_wconf 83' lang='lat' dir='ltr'><strong>Stabant</strong></span> <span class='ocrx_word' id='word_1_229' title='bbox 1812 3154 2027 3210; x_wconf 88' lang='lat' dir='ltr'><strong>autem</strong></span> <span class='ocrx_word' id='word_1_230' title='bbox 2059 3148 2302 3211; x_wconf 85' lang='lat' dir='ltr'><strong>herbae</strong></span> <span class='ocrx_word' id='word_1_231' title='bbox 2335 3147 2696 3212; x_wconf 81' lang='lat' dir='ltr'><strong>odoriferae</strong></span> <span class='ocrx_word' id='word_1_232' title='bbox 2736 3144 2863 3207; x_wconf 87' lang='lat' dir='ltr'><strong>ibi:</strong></span> 
     </span>
     <span class='ocr_line' id='line_1_28' title="bbox 527 3243 2870 3335; baseline 0.003 -28"><span class='ocrx_word' id='word_1_233' title='bbox 527 3243 743 3308; x_wconf 84' lang='lat' dir='ltr'><strong>salvia</strong></span> <span class='ocrx_word' id='word_1_234' title='bbox 782 3261 988 3327; x_wconf 82' lang='lat' dir='ltr'><strong>parva</strong></span> <span class='ocrx_word' id='word_1_235' title='bbox 1017 3244 1253 3309; x_wconf 82' lang='lat' dir='ltr'><strong>nobilis</strong></span> <span class='ocrx_word' id='word_1_236' title='bbox 1277 3248 1422 3308; x_wconf 88' lang='lat' dir='ltr'><strong>sine</strong></span> <span class='ocrx_word' id='word_1_237' title='bbox 1455 3263 1781 3330; x_wconf 82' lang='lat' dir='ltr'><strong>mensura,</strong></span> <span class='ocrx_word' id='word_1_238' title='bbox 1807 3258 1876 3312; x_wconf 90' lang='lat' dir='ltr'><strong>et</strong></span> <span class='ocrx_word' id='word_1_239' title='bbox 1907 3269 2119 3335; x_wconf 77' lang='lat' dir='ltr'><strong>agnus</strong></span> <span class='ocrx_word' id='word_1_240' title='bbox 2154 3260 2398 3318; x_wconf 84' lang='lat' dir='ltr'><strong>castus.</strong></span> <span class='ocrx_word' id='word_1_241' title='bbox 2447 3250 2870 3315; x_wconf 74' lang='lat' dir='ltr'><strong>Transcursis</strong></span> 
     </span>
     <span class='ocr_line' id='line_1_29' title="bbox 528 3347 2868 3443; baseline 0.003 -30"><span class='ocrx_word' id='word_1_242' title='bbox 528 3358 745 3413; x_wconf 78' lang='lat' dir='ltr'><strong>autem</strong></span> <span class='ocrx_word' id='word_1_243' title='bbox 805 3349 1127 3431; x_wconf 74' lang='lat' dir='ltr'><strong>aliquibus</strong></span> <span class='ocrx_word' id='word_1_244' title='bbox 1183 3347 1461 3413; x_wconf 88' lang='lat' dir='ltr'><strong>collibus</strong></span> <span class='ocrx_word' id='word_1_245' title='bbox 1502 3351 1803 3417; x_wconf 80' lang='lat' dir='ltr'><strong>venimus</strong></span> <span class='ocrx_word' id='word_1_246' title='bbox 1846 3354 1932 3418; x_wconf 91' lang='lat' dir='ltr'><strong>ad</strong></span> <span class='ocrx_word' id='word_1_247' title='bbox 1972 3373 2169 3442; x_wconf 79' lang='lat' dir='ltr'><strong>agros</strong></span> <span class='ocrx_word' id='word_1_248' title='bbox 2209 3357 2465 3443; x_wconf 85' lang='lat' dir='ltr'><strong>hordei,</strong></span> <span class='ocrx_word' id='word_1_249' title='bbox 2530 3367 2596 3421; x_wconf 90' lang='lat' dir='ltr'><strong>et</strong></span> <span class='ocrx_word' id='word_1_250' title='bbox 2646 3356 2868 3431; x_wconf 62' lang='lat' dir='ltr'><strong>laetati</strong></span> 
     </span>
     <span class='ocr_line' id='line_1_30' title="bbox 529 3455 2866 3549; baseline 0.003 -31"><span class='ocrx_word' id='word_1_251' title='bbox 529 3471 757 3518; x_wconf 85' lang='lat' dir='ltr'><strong>sumus</strong></span> <span class='ocrx_word' id='word_1_252' title='bbox 813 3461 1155 3538; x_wconf 80' lang='lat' dir='ltr'><strong>sperantes</strong></span> <span class='ocrx_word' id='word_1_253' title='bbox 1213 3472 1417 3537; x_wconf 87' lang='lat' dir='ltr'><strong>prope</strong></span> <span class='ocrx_word' id='word_1_254' title='bbox 1468 3455 1750 3541; x_wconf 86' lang='lat' dir='ltr'><strong>aliquam</strong></span> <span class='ocrx_word' id='word_1_255' title='bbox 1796 3459 2017 3526; x_wconf 86' lang='lat' dir='ltr'><strong>villam</strong></span> <span class='ocrx_word' id='word_1_256' title='bbox 2077 3481 2271 3549; x_wconf 86' lang='lat' dir='ltr'><strong>esse,</strong></span> <span class='ocrx_word' id='word_1_257' title='bbox 2335 3464 2404 3526; x_wconf 85' lang='lat' dir='ltr'><strong>in</strong></span> <span class='ocrx_word' id='word_1_258' title='bbox 2474 3481 2604 3546; x_wconf 87' lang='lat' dir='ltr'><strong>qua</strong></span> <span class='ocrx_word' id='word_1_259' title='bbox 2656 3478 2866 3546; x_wconf 84' lang='lat' dir='ltr'><strong>panes</strong></span> 
     </span>
     <span class='ocr_line' id='line_1_31' title="bbox 531 3559 2860 3652; baseline 0.003 -29"><span class='ocrx_word' id='word_1_260' title='bbox 531 3568 828 3623; x_wconf 87' lang='lat' dir='ltr'><strong>recentes</strong></span> <span class='ocrx_word' id='word_1_261' title='bbox 867 3569 936 3625; x_wconf 86' lang='lat' dir='ltr'><strong>et</strong></span> <span class='ocrx_word' id='word_1_262' title='bbox 976 3576 1105 3623; x_wconf 85' lang='lat' dir='ltr'><strong>ova</strong></span> <span class='ocrx_word' id='word_1_263' title='bbox 1142 3559 1907 3645; x_wconf 72' lang='lat' dir='ltr'><strong>emenda&#39;reperiremus:</strong></span> <span class='ocrx_word' id='word_1_264' title='bbox 1948 3576 2015 3632; x_wconf 82' lang='lat' dir='ltr'><strong>et</strong></span> <span class='ocrx_word' id='word_1_265' title='bbox 2054 3567 2481 3652; x_wconf 83' lang='lat' dir='ltr'><strong>procedentes</strong></span> <span class='ocrx_word' id='word_1_266' title='bbox 2523 3588 2643 3652; x_wconf 90' lang='lat' dir='ltr'><strong>per</strong></span> <span class='ocrx_word' id='word_1_267' title='bbox 2682 3571 2860 3632; x_wconf 87' lang='lat' dir='ltr'><strong>viam</strong></span> 
     </span>
     <span class='ocr_line' id='line_1_32' title="bbox 529 3663 2871 3758; baseline 0.003 -31"><span class='ocrx_word' id='word_1_268' title='bbox 529 3666 826 3729; x_wconf 80' lang='lat' dir='ltr'><strong>venimus</strong></span> <span class='ocrx_word' id='word_1_269' title='bbox 911 3663 997 3729; x_wconf 87' lang='lat' dir='ltr'><strong>ad</strong></span> <span class='ocrx_word' id='word_1_270' title='bbox 1080 3665 1405 3747; x_wconf 83' lang='lat' dir='ltr'><strong>quandam</strong></span> <span class='ocrx_word' id='word_1_271' title='bbox 1486 3669 1945 3734; x_wconf 83' lang='lat' dir='ltr'><strong>misserrimam</strong></span> <span class='ocrx_word' id='word_1_272' title='bbox 2015 3671 2464 3739; x_wconf 83' lang='lat' dir='ltr'><strong>domunculam</strong></span> <span class='ocrx_word' id='word_1_273' title='bbox 2483 3717 2504 3758; x_wconf 91' lang='lat'><strong>,</strong></span> <span class='ocrx_word' id='word_1_274' title='bbox 2584 3673 2653 3736; x_wconf 90' lang='lat' dir='ltr'><strong>in</strong></span> <span class='ocrx_word' id='word_1_275' title='bbox 2739 3687 2871 3756; x_wconf 87' lang='lat' dir='ltr'><strong>qua</strong></span> 
     </span>
     <span class='ocr_line' id='line_1_33' title="bbox 532 3770 2868 3862; baseline 0.003 -30"><span class='ocrx_word' id='word_1_276' title='bbox 532 3778 715 3833; x_wconf 84' lang='lat' dir='ltr'><strong>erant</strong></span> <span class='ocrx_word' id='word_1_277' title='bbox 734 3771 1122 3854; x_wconf 86' lang='lat' dir='ltr'><strong>pauperrimi</strong></span> <span class='ocrx_word' id='word_1_278' title='bbox 1146 3771 1440 3836; x_wconf 80' lang='lat' dir='ltr'><strong>homines</strong></span> <span class='ocrx_word' id='word_1_279' title='bbox 1453 3770 1747 3858; x_wconf 80' lang='lat' dir='ltr'><strong>Schlavi,</strong></span> <span class='ocrx_word' id='word_1_280' title='bbox 1767 3776 1925 3840; x_wconf 83' lang='lat' dir='ltr'><strong>nihil</strong></span> <span class='ocrx_word' id='word_1_281' title='bbox 1948 3779 2207 3859; x_wconf 84' lang='lat' dir='ltr'><strong>penitus</strong></span> <span class='ocrx_word' id='word_1_282' title='bbox 2226 3780 2294 3841; x_wconf 86' lang='lat' dir='ltr'><strong>iu</strong></span> <span class='ocrx_word' id='word_1_283' title='bbox 2319 3777 2507 3843; x_wconf 86' lang='lat' dir='ltr'><strong>domo</strong></span> <span class='ocrx_word' id='word_1_284' title='bbox 2530 3776 2868 3862; x_wconf 72' lang='lat' dir='ltr'><strong>habentes,</strong></span> 
     </span>
     <span class='ocr_line' id='line_1_34' title="bbox 530 3873 2870 3968; baseline 0.002 -31"><span class='ocrx_word' id='word_1_285' title='bbox 530 3873 658 3938; x_wconf 89' lang='lat' dir='ltr'><strong>nisi</strong></span> <span class='ocrx_word' id='word_1_286' title='bbox 694 3874 1008 3958; x_wconf 83' lang='lat' dir='ltr'><strong>quasdam</strong></span> <span class='ocrx_word' id='word_1_287' title='bbox 1048 3874 1325 3961; x_wconf 86' lang='lat' dir='ltr'><strong>radices,</strong></span> <span class='ocrx_word' id='word_1_288' title='bbox 1365 3895 1533 3960; x_wconf 90' lang='lat' dir='ltr'><strong>quas</strong></span> <span class='ocrx_word' id='word_1_289' title='bbox 1576 3878 1662 3944; x_wconf 85' lang='lat' dir='ltr'><strong>ad</strong></span> <span class='ocrx_word' id='word_1_290' title='bbox 1696 3881 1905 3947; x_wconf 86' lang='lat' dir='ltr'><strong>solem</strong></span> <span class='ocrx_word' id='word_1_291' title='bbox 1947 3883 2386 3968; x_wconf 78' lang='lat' dir='ltr'><strong>exsiccabant,</strong></span> <span class='ocrx_word' id='word_1_292' title='bbox 2430 3892 2497 3947; x_wconf 87' lang='lat' dir='ltr'><strong>et</strong></span> <span class='ocrx_word' id='word_1_293' title='bbox 2533 3880 2870 3961; x_wconf 67' lang='lat' dir='ltr'><strong>induratas</strong></span> 
     </span>
     <span class='ocr_line' id='line_1_35' title="bbox 531 3978 2872 4070; baseline 0.002 -29"><span class='ocrx_word' id='word_1_294' title='bbox 531 3979 827 4042; x_wconf 87' lang='lat' dir='ltr'><strong>terebant</strong></span> <span class='ocrx_word' id='word_1_295' title='bbox 887 3988 955 4043; x_wconf 88' lang='lat' dir='ltr'><strong>et</strong></span> <span class='ocrx_word' id='word_1_296' title='bbox 1008 3978 1335 4045; x_wconf 83' lang='lat' dir='ltr'><strong>molebant</strong></span> <span class='ocrx_word' id='word_1_297' title='bbox 1386 3981 1456 4044; x_wconf 88' lang='lat' dir='ltr'><strong>in</strong></span> <span class='ocrx_word' id='word_1_298' title='bbox 1520 3981 1792 4047; x_wconf 84' lang='lat' dir='ltr'><strong>farinam</strong></span> <span class='ocrx_word' id='word_1_299' title='bbox 1854 3984 2203 4067; x_wconf 79' lang='lat' dir='ltr'><strong>facientes,</strong></span> <span class='ocrx_word' id='word_1_300' title='bbox 2269 3996 2337 4051; x_wconf 89' lang='lat' dir='ltr'><strong>et</strong></span> <span class='ocrx_word' id='word_1_301' title='bbox 2395 4001 2600 4070; x_wconf 86' lang='lat' dir='ltr'><strong>panes</strong></span> <span class='ocrx_word' id='word_1_302' title='bbox 2666 3983 2752 4067; x_wconf 77' lang='lat' dir='ltr'><strong>de</strong></span> <span class='ocrx_word' id='word_1_303' title='bbox 2790 3999 2872 4045; x_wconf 86' lang='lat' dir='ltr'><strong>ea</strong></span> 
     </span>
     <span class='ocr_line' id='line_1_36' title="bbox 529 4079 2869 4173; baseline 0.002 -26"><span class='ocrx_word' id='word_1_304' title='bbox 529 4092 903 4167; x_wconf 71' lang='lat' dir='ltr'><strong>coquentes.</strong></span> <span class='ocrx_word' id='word_1_305' title='bbox 960 4079 1063 4147; x_wconf 86' lang='lat' dir='ltr'><strong>De</strong></span> <span class='ocrx_word' id='word_1_306' title='bbox 1103 4083 1217 4149; x_wconf 91' lang='lat' dir='ltr'><strong>illo</strong></span> <span class='ocrx_word' id='word_1_307' title='bbox 1254 4104 1426 4169; x_wconf 89' lang='lat' dir='ltr'><strong>pane</strong></span> <span class='ocrx_word' id='word_1_308' title='bbox 1458 4085 1911 4152; x_wconf 80' lang='lat' dir='ltr'><strong>ministrabant</strong></span> <span class='ocrx_word' id='word_1_309' title='bbox 1950 4089 2160 4173; x_wconf 88' lang='lat' dir='ltr'><strong>nobis,</strong></span> <span class='ocrx_word' id='word_1_310' title='bbox 2204 4090 2326 4153; x_wconf 79' lang='lat' dir='ltr'><strong>sed</strong></span> <span class='ocrx_word' id='word_1_311' title='bbox 2369 4097 2509 4154; x_wconf 88' lang='lat' dir='ltr'><strong>erat</strong></span> <span class='ocrx_word' id='word_1_312' title='bbox 2547 4086 2869 4171; x_wconf 83' lang='lat' dir='ltr'><strong>insipidus</strong></span> 
     </span>
     <span class='ocr_line' id='line_1_37' title="bbox 529 4189 2865 4274; baseline 0.003 -24"><span class='ocrx_word' id='word_1_313' title='bbox 529 4196 593 4251; x_wconf 87' lang='lat' dir='ltr'><strong>et</strong></span> <span class='ocrx_word' id='word_1_314' title='bbox 616 4189 1035 4271; x_wconf 68' lang='lat' dir='ltr'><strong>nigerrims:</strong></span> <span class='ocrx_word' id='word_1_315' title='bbox 1060 4198 1345 4253; x_wconf 85' lang='lat' dir='ltr'><strong>necerat</strong></span> <span class='ocrx_word' id='word_1_316' title='bbox 1375 4189 1593 4274; x_wconf 86' lang='lat' dir='ltr'><strong>aliqua</strong></span> <span class='ocrx_word' id='word_1_317' title='bbox 1615 4190 1746 4253; x_wconf 88' lang='lat' dir='ltr'><strong>alia</strong></span> <span class='ocrx_word' id='word_1_318' title='bbox 1761 4191 2072 4255; x_wconf 84' lang='lat' dir='ltr'><strong>habitatio</strong></span> <span class='ocrx_word' id='word_1_319' title='bbox 2107 4193 2176 4255; x_wconf 87' lang='lat' dir='ltr'><strong>iu</strong></span> <span class='ocrx_word' id='word_1_320' title='bbox 2195 4193 2311 4257; x_wconf 84' lang='lat' dir='ltr'><strong>illa</strong></span> <span class='ocrx_word' id='word_1_321' title='bbox 2330 4193 2547 4257; x_wconf 84' lang='lat' dir='ltr'><strong>insula</strong></span> <span class='ocrx_word' id='word_1_322' title='bbox 2567 4192 2696 4273; x_wconf 68' lang='lat' dir='ltr'><strong>nisi</strong></span> <span class='ocrx_word' id='word_1_323' title='bbox 2717 4191 2865 4259; x_wconf 84' lang='lat' dir='ltr'><strong>ista.</strong></span> 
     </span>
     <span class='ocr_line' id='line_1_38' title="bbox 528 4291 2862 4379; baseline 0.002 -23"><span class='ocrx_word' id='word_1_324' title='bbox 528 4292 654 4357; x_wconf 81' lang='lat' dir='ltr'><strong>His</strong></span> <span class='ocrx_word' id='word_1_325' title='bbox 684 4294 849 4357; x_wconf 79' lang='lat' dir='ltr'><strong>visis</strong></span> <span class='ocrx_word' id='word_1_326' title='bbox 878 4292 962 4356; x_wconf 85' lang='lat' dir='ltr'><strong>ad</strong></span> <span class='ocrx_word' id='word_1_327' title='bbox 989 4291 1147 4359; x_wconf 76' lang='lat' dir='ltr'><strong>litus</strong></span> <span class='ocrx_word' id='word_1_328' title='bbox 1164 4297 1360 4357; x_wconf 85' lang='lat' dir='ltr'><strong>maris</strong></span> <span class='ocrx_word' id='word_1_329' title='bbox 1382 4314 1465 4358; x_wconf 83' lang='lat' dir='ltr'><strong>ex</strong></span> <span class='ocrx_word' id='word_1_330' title='bbox 1485 4297 1783 4379; x_wconf 83' lang='lat' dir='ltr'><strong>opposito</strong></span> <span class='ocrx_word' id='word_1_331' title='bbox 1802 4295 2033 4378; x_wconf 71' lang='lat' dir='ltr'><strong>galeae</strong></span> <span class='ocrx_word' id='word_1_332' title='bbox 2055 4306 2320 4361; x_wconf 83' lang='lat' dir='ltr'><strong>nostrae</strong></span> <span class='ocrx_word' id='word_1_333' title='bbox 2343 4299 2591 4363; x_wconf 83' lang='lat' dir='ltr'><strong>reve&#39;rsi</strong></span> <span class='ocrx_word' id='word_1_334' title='bbox 2613 4316 2862 4362; x_wconf 88' lang='lat' dir='ltr'><strong>sumus.</strong></span> 
     </span>
     <span class='ocr_line' id='line_1_39' title="bbox 527 4396 2869 4487; baseline 0.003 -26"><span class='ocrx_word' id='word_1_335' title='bbox 527 4398 717 4468; x_wconf 80' lang='lat' dir='ltr'><strong>Multi</strong></span> <span class='ocrx_word' id='word_1_336' title='bbox 752 4396 967 4473; x_wconf 73' lang='lat' dir='ltr'><strong>autem</strong></span> <span class='ocrx_word' id='word_1_337' title='bbox 1003 4404 1188 4462; x_wconf 79' lang='lat' dir='ltr'><strong>extra</strong></span> <span class='ocrx_word' id='word_1_338' title='bbox 1230 4401 1440 4481; x_wconf 84' lang='lat' dir='ltr'><strong>magis</strong></span> <span class='ocrx_word' id='word_1_339' title='bbox 1472 4398 1746 4464; x_wconf 84' lang='lat' dir='ltr'><strong>taediosi</strong></span> <span class='ocrx_word' id='word_1_340' title='bbox 1788 4399 2078 4485; x_wconf 84' lang='lat' dir='ltr'><strong>fuerunt,</strong></span> <span class='ocrx_word' id='word_1_341' title='bbox 2120 4420 2313 4487; x_wconf 77' lang='lat' dir='ltr'><strong>quam</strong></span> <span class='ocrx_word' id='word_1_342' title='bbox 2357 4407 2426 4468; x_wconf 87' lang='lat' dir='ltr'><strong>in</strong></span> <span class='ocrx_word' id='word_1_343' title='bbox 2464 4406 2618 4471; x_wconf 84' lang='lat' dir='ltr'><strong>navi</strong></span> <span class='ocrx_word' id='word_1_344' title='bbox 2663 4414 2726 4469; x_wconf 89' lang='lat' dir='ltr'><strong>et</strong></span> <span class='ocrx_word' id='word_1_345' title='bbox 2775 4404 2869 4469; x_wconf 84' lang='lat' dir='ltr'><strong>illi</strong></span> 
     </span>
    </p>
   </div>
  </div>
 </body>
</html>
