3242 5259
527 531 789 616 rejectis
833 547 874 594 a
915 546 991 594 se
1033 529 1512 613 calceamentis,
1536 528 1730 593 nudis
1772 529 2046 615 pedibus
2086 527 2475 600 incedebant
2515 552 2633 618 per
2674 551 2868 599 omne

525 647 805 720 tempus,
830 652 960 719 quo
995 636 1061 698 in
1093 643 1264 699 terra
1300 643 1530 699 saneta
1560 635 2004 720 versabamur,
2021 636 2089 700 in
2120 637 2248 701 hoc
2274 638 2560 722 gloriosa
2580 641 2868 724 vestigia

525 742 890 808 Salvatoris
932 742 1138 805 nostri
1199 748 1621 822 venerantes,
1678 749 1745 803 et
1799 740 2221 806 beatissimae
2270 744 2570 828 Virginis
2612 729 2868 812 Mariae

527 858 593 913 et
666 847 1053 911 Sanctorum
1112 847 1362 911 veteris
1420 855 1485 910 et
1549 847 1709 910 novi
1769 847 2158 910 testamenti.
2264 846 2434 913 Cum
2499 857 2714 913 antem
2782 850 2867 914 ad

522 961 816 1040 portam,
862 969 1031 1037 quae
1074 950 1309 1016 dicitur
1347 960 1534 1036 porta
1571 950 1826 1035 David,
1865 951 1977 1015 vel
2026 952 2302 1035 piscium
2346 953 2457 1016 vel
2498 956 2869 1039 negotiato-

525 1077 690 1145 rum,
716 1059 1157 1140 venissemus,
1194 1075 1313 1140 per
1350 1057 1557 1140 ipsam
1585 1064 1834 1139 portam
1866 1053 2188 1120 inclinatis
2226 1059 2550 1140 capitibus
2584 1061 2866 1144 ingressi

523 1182 769 1231 sumus.
828 1161 1002 1242 Quia
1043 1164 1109 1225 in
1155 1161 1266 1227 illo
1307 1162 1570 1227 introitu
1613 1159 2053 1245 indulgentias
2094 1161 2424 1245 plenariae
2465 1165 2868 1230 remissionis

524 1269 864 1336 consecuti
924 1285 1151 1332 sumus
1224 1269 1409 1352 (st).
1510 1267 1641 1331 Per
1693 1268 1910 1331 vicum
1977 1275 2193 1330 autem
2256 1268 2519 1353 longum
2582 1288 2624 1333 a
2678 1279 2871 1354 porta

522 1374 1001 1461 processimus,
1084 1380 1148 1436 et
1216 1372 1300 1435 ad
1370 1370 1697 1456 quandam
1773 1389 2072 1455 magnam
2145 1371 2491 1436 ecclesiam
2571 1374 2868 1439 clausam

521 1480 850 1558 venimus,
908 1487 1061 1541 ante
1101 1496 1293 1562 quam
1338 1485 1481 1540 erat
1533 1479 1769 1540 atrium
1827 1476 2131 1540 decorum
2185 1494 2492 1562 magnum
2534 1480 2866 1544 albissimo

524 1594 594 1650 et
634 1583 835 1669 polito
905 1599 1222 1645 marmore
1280 1589 1570 1645 stratum.
1658 1580 1827 1646 Cum
1883 1590 2099 1646 autem
2158 1582 2231 1647 in
2294 1584 2457 1647 atrio
2521 1593 2867 1666 staremus,

524 1688 784 1774 quidam
831 1686 914 1749 de
980 1686 1286 1750 fratribus
1341 1688 1581 1751 montis
1645 1686 1828 1771 Syon
1871 1687 1940 1751 in
1993 1688 2476 1752 eminentiorem
2534 1688 2747 1752 locum
2789 1703 2868 1749 se

520 1810 774 1879 ponens
813 1791 1270 1874 pronunciavit
1315 1792 1537 1875 nobis,
1594 1792 1766 1856 hanc
1808 1809 1961 1855 esse
2002 1792 2345 1856 ecclesiam
2389 1793 2867 1856 sanctissimam

531 1899 652 1962 toti
726 1893 965 1959 mundo
1047 1894 1520 1978 venerandam,
1593 1896 1663 1958 in
1735 1915 1865 1982 qua
1938 1897 2282 1960 thesaurus
2353 1894 2867 1960 Christianorum

524 2000 1065 2088 pretiosissimus,
1095 1997 1483 2062 dominicum
1524 1999 1776 2063 scilieet
1814 1999 2248 2084 sepulchrum,
2291 2008 2395 2063 est
2439 1999 2857 2063 reconditum.

525 2105 714 2186 Quod
765 2121 912 2168 cum
958 2101 1462 2186 audivissemus,
1487 2104 1556 2166 in
1598 2104 1743 2188 ipso
1780 2105 1943 2168 atrio
1987 2112 2142 2168 ante
2178 2104 2352 2168 fores
2383 2103 2700 2167 ecclesiae
2740 2123 2867 2169 nos

521 2210 1022 2299 prostravimus,
1074 2215 1145 2270 et
1183 2204 1619 2291 adoravimus,
1665 2218 1731 2270 et
1773 2215 2008 2272 terram
2046 2210 2252 2293 ipsam
2284 2208 2574 2292 repetitis
2611 2210 2869 2275 vicibus

525 2314 884 2381 deosculati
943 2328 1191 2375 snmus.
1274 2313 1407 2375 Pro
1470 2320 1650 2376 certo
1712 2322 1930 2377 autem
1990 2315 2156 2397 ipsis
2221 2315 2580 2398 peregrinis
2637 2317 2739 2378 sic
2799 2317 2866 2378 in

525 2430 702 2485 terra
742 2419 1092 2504 prostratis
1127 2417 1491 2502 videbatur,
1521 2417 1696 2501 quod
1736 2436 1822 2481 ex
1860 2419 2006 2501 ipsa
2043 2426 2216 2482 terra
2252 2417 2564 2502 quaedam
2590 2420 2868 2504 spiraret

521 2528 734 2590 virtus
745 2570 767 2609 ,
837 2540 969 2609 qua
1023 2522 1480 2586 vehementius
1545 2523 1915 2606 rapiebatur
1970 2525 2039 2584 in
2102 2522 2511 2587 devotionem
2569 2523 2864 2589 affectus.

527 2627 587 2691 0
625 2628 906 2693 Domine
946 2625 1152 2710 Deus,
1177 2644 1372 2711 qnam
1415 2626 1607 2692 dulce
1650 2635 1755 2690 est
1799 2626 2092 2692 osculum
2144 2629 2276 2692 oris
2306 2628 2423 2713 tui,
2465 2647 2614 2693 cum
2655 2631 2866 2713 ipsum

526 2734 819 2799 osculum
863 2751 997 2797 non
1040 2731 1277 2816 pedum
1319 2731 1441 2795 sed
1479 2732 1902 2815 vestigiorum
1946 2742 2201 2798 tuorum
2264 2740 2513 2798 tantum
2562 2733 2868 2798 affectum

528 2837 906 2902 dulcescat!
969 2835 1027 2900 Ο
1073 2837 1276 2901 frater
1314 2837 1438 2921 mi,
1491 2837 1551 2900 si
1611 2837 1679 2900 iu
1721 2838 1853 2901 ista
1904 2838 2066 2902 hora
2125 2855 2377 2902 mecum
2417 2838 2486 2901 in
2530 2840 2697 2902 atrio
2752 2838 2869 2902 illo

529 2942 773 3007 fuisses
787 2988 808 3026 ‚
871 2939 1161 3006 vidisses
1234 2948 1304 3004 et
1375 2942 1747 3006 audivisses
1810 2949 1945 3006 tam
2009 2942 2442 3007 exuberantes
2506 2942 2870 3028 lachrimas,

527 3055 663 3111 tam
704 3064 962 3110 amaros
1028 3054 1095 3108 et
1138 3043 1459 3110 cordiales
1500 3048 1822 3133 gemitus,
1881 3057 2011 3111 tam
2073 3046 2299 3111 dulces
2356 3046 2671 3130 ejulatus,
2734 3057 2871 3112 tam

530 3149 666 3213 alta
707 3150 1020 3233 suspiria,
1075 3158 1207 3212 tam
1262 3149 1584 3232 protunda
1644 3151 1930 3215 lamenta
1991 3161 2057 3215 et
2110 3171 2196 3215 ex
2237 3153 2481 3216 intimis
2523 3152 2872 3237 singultus,

531 3261 667 3317 tam
712 3255 937 3338 quieta
975 3261 1043 3318 et
1082 3252 1368 3336 jocunda
1418 3254 1717 3338 silentia,
1759 3265 1828 3320 et
1875 3257 1936 3321 si
1979 3273 2093 3320 cor
2132 3254 2457 3339 lapideum
2499 3259 2871 3341 habuisses,

531 3357 951 3442 liquefactum
992 3357 1229 3423 fuisset
1242 3404 1264 3443 ,
1306 3366 1379 3423 et
1418 3360 1613 3425 simul
1657 3378 1805 3426 cum
1838 3361 2003 3445 ipsis
2043 3361 2403 3445 peregrinis
2448 3362 2868 3446 lachryman-

531 3463 708 3527 tibus
752 3463 1086 3528 resolutus
1124 3464 1192 3527 in
1234 3463 1603 3549 lachrymas
1644 3468 1880 3530 uberes
1922 3466 2182 3530 fuisses.
2228 3464 2388 3530 Vidi
2427 3466 2518 3530 ibi
2558 3465 2872 3551 quosdam

532 3568 910 3652 peregrinos
977 3570 1170 3654 quasi
1227 3568 1555 3635 destitutis
1616 3572 1867 3635 viribus
1926 3570 2245 3634 resolutos
2287 3571 2357 3635 in
2397 3580 2569 3635 terra
2626 3570 2873 3656 jacere,

535 3687 614 3737 se
675 3672 1154 3757 quodammodo
1237 3674 1617 3759 ignorantes
1716 3695 1875 3759 prae
1948 3676 2147 3741 nimio
2220 3693 2422 3740 sensu
2489 3676 2872 3742 devotionis.

533 3776 729 3841 Alios
759 3778 911 3844 'vidi
971 3780 1127 3844 hinc
1169 3787 1236 3843 et
1292 3779 1445 3844 inde
1487 3779 1571 3844 de
1620 3781 1862 3866 angulo
1924 3781 1992 3845 in
2035 3782 2345 3865 angulum
2394 3800 2545 3846 cum
2606 3782 2875 3866 planctu

527 3873 815 3966 migrare
829 3930 851 3969 ,
919 3886 1108 3969 quasi
1158 3885 1394 3968 spiritu
1470 3886 1685 3952 alieno
1745 3886 2245 3971 impellerentur.
2329 3886 2556 3972 Aliqui
2612 3889 2879 3954 stabant

534 3985 687 4052 lixis
725 3988 796 4052 in
838 3996 1074 4055 terram
1113 3989 1307 4057 nudis
1346 3992 1628 4077 genibus
1661 3999 1731 4055 et
1769 3991 2052 4057 brachiis
2092 3992 2160 4056 in
2204 3992 2459 4056 modum
2494 3994 2708 4058 crucis
2751 4013 2876 4060 ex-

534 4094 732 4158 tentis
748 4110 893 4157 cum
914 4095 1069 4159 fletu
1084 4097 1373 4163 orabant.
1393 4096 1619 4181 Aliqui
1631 4115 1789 4162 vero
1811 4105 1990 4161 tanto
2012 4095 2306 4180 singultu
2324 4100 2873 4185 concutiebantur,

534 4197 607 4263 'ut
649 4199 978 4263 sustinere
1022 4201 1102 4263 'se
1143 4221 1273 4266 non
1317 4211 1633 4286 possent,
1687 4212 1754 4266 et
1794 4201 2028 4266 sedere
2070 4211 2497 4287 cogerentur,
2565 4211 2636 4268 et
2677 4215 2877 4289 caput

515 4293 822 4392 -propriis
865 4304 1160 4370 manibus
1200 4308 1556 4394 stringere,
1618 4315 1691 4372 ut
1729 4307 2058 4393 singultus
2119 4311 2411 4373 crebrius
2452 4317 2877 4376 eructuantes

531 4401 808 4474 sufferre
848 4409 1163 4484 valerent.
1218 4410 1442 4500 Aliqui
1476 4411 1786 4496 jacebant
1826 4413 2236 4481 immobiliter
2270 4417 2545 4501 postrati
2584 4413 2880 4502 tamffl)
