3242 5259
1570 257 1697 324 not

465 441 822 508 instabant.
885 438 1143 504 Videns
1177 448 1393 503 autem
1436 438 1636 504 Pater
1675 436 2047 503 Gauianus
2087 432 2351 505 montis
2379 440 2589 524 syon,
2628 419 2803 526 qued

467 545 797 610 discordia
847 545 960 609 illa
1006 521 1422 628 patronorum
1464 546 2050 628 peregrinationem
2091 544 2463 629 impediret,
2528 553 2599 608 et
2641 542 2807 609 Sar-

468 665 745 715 sueonos
786 649 1288 734 scandalizaret,
1319 667 1564 732 eosque
1606 645 2026 733 impatientes
2066 650 2392 736 redderet,
2427 643 2807 718 oonivocinis

470 753 554 819 ad
611 774 690 819 se
744 756 1236 821 notabilieribus
1296 755 1663 838 peregrinis
1763 763 1830 816 et
1916 755 2303 839 quibusdam
2379 756 2701 840 pacificis.
2728 772 2809 819 ac

471 863 742 932 naturis
784 860 1205 946 Sarrae-nis,
1256 878 1375 945 pro
1415 856 1826 942 pacificanda
1879 857 2002 923 lite
2048 860 2404 925 laborabat.
2479 857 2615 924 Sed
2656 867 2808 944 post

471 966 676 1032 nulia
716 968 1119 1038 hortamenta
1159 974 1231 1030 et
1269 968 1475 1029 verba
1551 983 1682 1028 non
1748 973 1889 1027 erat
1949 967 2041 1030 ibi
2100 986 2235 1030 vox
2299 981 2511 1050 neque
2569 983 2808 1029 sensus

471 1070 889 1154 concordiae,
936 1078 1006 1134 et
1049 1078 1201 1155 pest
1242 1069 1482 1133 multas
1521 1069 2058 1135 interlocutiones
2114 1070 2505 1135 videbantur
2552 1070 2810 1158 patroni

472 1174 686 1258 magis
724 1176 1039 1258 indurari,
1083 1183 1154 1238 et
1187 1183 1412 1239 contra
1455 1192 1534 1238 se
1567 1176 1850 1239 invicem
1899 1176 2222 1240 commoti.
2295 1177 2467 1240 'l'otc
2505 1192 2661 1259 ergo
2705 1174 2810 1238 die

469 1279 592 1344 iu-
619 1279 705 1342 de
745 1297 910 1363 paee
947 1283 1321 1344 tractabant
1373 1287 1811 1364 patronorum.
1896 1280 2099 1345 Porro
2140 1281 2259 1344 alii
2296 1281 2654 1366 peregrini,
2695 1281 2810 1365 qui

471 1386 862 1449 tractatibus
899 1386 1034 1450 ssus
1075 1406 1210 1449 non
1243 1387 1630 1468 intererant,
1674 1386 1951 1450 animosi
2004 1387 2074 1449 e‘t
2111 1387 2395 1450 audaces
2436 1387 2594 1451 facti
2634 1396 2808 1469 sunt,

472 1498 541 1562 et
583 1488 666 1552 de
707 1509 998 1555 caverna
1034 1481 1333 1556 exierunt
1389 1490 1472 1555 ad
1514 1490 1672 1554 litus
1728 1493 1960 1575 maris,
2027 1499 2097 1555 et
2159 1491 2244 1556 ad
2287 1494 2518 1578 locum,
2567 1493 2635 1556 in
2677 1509 2805 1577 quo

471 1596 741 1660 stabant
797 1598 1062 1661 asinarii
1117 1615 1268 1661 cum
1321 1596 1563 1681 asinis,
1636 1604 1706 1659 et
1760 1598 1831 1660 in
1885 1598 2239 1662 exercitum
2303 1599 2809 1663 sarracenorum

473 1702 870 1768 transiermrt
908 1705 1056 1766 sine
1092 1705 1353 1784 timore,
1396 1711 1461 1766 et
1502 1702 1817 1765 emebant
1843 1720 1885 1764 a
1924 1702 2341 1789 sarracenis,
2395 1711 2465 1767 et
2515 1721 2663 1767 cum
2707 1705 2809 1767 eis

471 1806 853 1870 societatem
907 1808 1397 1875 contrahebant.
1489 1809 1636 1894 Ego
1690 1808 1886 1870 etiam
1951 1825 2099 1871 cum
2163 1810 2546 1894 quibusdam
2607 1809 2809 1873 sociis

472 1928 591 1993 per
632 1911 894 1995 longum
915 1914 1194 1997 spatium
1236 1930 1358 1995 per
1373 1911 1534 1976 litus
1572 1914 1773 1977 maris
1814 1912 2126 1978 descendi
2169 1914 2263 1978 adr
2308 1916 2554 1979 fontem
2597 1932 2809 1999 aquae

474 2017 703 2100 vivae,
767 2018 1033 2084 fluentis
1073 2018 1159 2083 de
1199 2017 1403 2102 saltu,
1470 2026 1537 2081 et
1591 2018 1682 2081 ibi
1726 2018 2003 2082 bibimus
2044 2022 2250 2103 gratis
2309 2020 2393 2084 de
2436 2040 2606 2106 aqua
2666 2019 2800 2085 illa.

469 2121 701 2185 fluitis
742 2125 915 2186 enim
955 2123 1185 2188 diebus
1226 2142 1355 2188 non
1418 2124 1790 2186 biberamus
1835 2142 2071 2208 aquam
2129 2126 2258 2189 nisi
2301 2134 2574 2210 argento
2619 2145 2805 2189 cem-

476 2235 767 2310 paratam
843 2238 910 2294 et
972 2238 1275 2313 emptam.
1360 2228 1542 2293 Infra
1592 2228 1767 2292 bunc
1828 2229 2076 2292 sontem
2127 2237 2259 2293 stat
2311 2250 2443 2294 una
2500 2231 2677 2313 rupis
2735 2231 2808 2291 in

405 2375 414 2386 -
472 2334 655 2416 mari,
698 2332 784 2401 de
821 2335 1138 2418 profundo
1179 2352 1257 2398 se
1299 2350 1499 2419 super
1538 2350 1772 2415 aquam
1816 2334 2096 2418 erigens,
2133 2333 2310 2399 circa
2353 2355 2544 2420 quam
2582 2333 2808 2418 dicunt

474 2436 545 2500 S.
587 2441 854 2506 Petrum
915 2440 1301 2525 Apostolum
1351 2441 1676 2524 piscatum
1746 2438 1984 2522 fuisse,
2044 2446 2113 2502 et
2169 2438 2419 2505 addunt
2479 2437 2808 2522 simplices

470 2544 859 2626 scripturam
902 2553 972 2609 et
1033 2546 1446 2631 evangelium
1480 2545 1893 2628 ignorantes,
1950 2544 2122 2628 quod
2166 2544 2257 2608 ibi
2294 2546 2380 2607 sit
2434 2545 2653 2632 locus,
2695 2545 2806 2607 ubi

475 2646 792 2714 Dominus
832 2649 1037 2715 Jesns
1082 2654 1297 2736 ipsum
1338 2653 1600 2717 Petrum
1644 2659 1710 2715 et
1752 2650 2016 2713 fratrem
2078 2648 2225 2732 eJus
2267 2648 2351 2711 de
2396 2650 2559 2712 mari
2602 2667 2809 2713 voca-

481 2755 680 2840 verit,
733 2755 998 2822 dicenst
1070 2758 1292 2821 venite
1350 2764 1503 2842 post
1556 2774 1664 2819 me
1714 2763 1842 2825 etc.
1896 2756 2071 2819 sicut
2125 2756 2400 2819 habetur
2446 2755 2686 2818 Matth.
2743 2756 2804 2818 4.

478 2869 545 2922 et
583 2861 956 2925 saeculares
1019 2862 1262 2926 milites
1340 2866 1408 2926 in
1485 2863 1631 2925 suis
1707 2858 1944 2925 libellis
2038 2861 2329 2925 scribunt
2406 2859 2516 2924 hic
2594 2841 2809 2923 conti-

473 2966 679 3047 gisse.
783 2965 922 3029 Sed
979 2987 1206 3030 verum
1255 2986 1387 3032 non
1461 2975 1595 3049 est,
1652 2966 1804 3049 quia
1852 2965 1980 3032 illa
2032 2967 2292 3030 vocatio
2366 2964 2808 3048 apostolorum

474 3068 653 3138 faeta
693 3065 813 3134 fuit
851 3072 920 3134 in
961 3073 1122 3136 mari
1141 3070 1457 3155 Gaffleae,
1497 3089 1622 3135 nec
1665 3071 1901 3154 legitur
1942 3071 2114 3154 quod
2156 3067 2305 3147 (ΨΒ
2320 3070 2429 3152 Α)
2486 3069 2808 3133 Dominus

472 3157 676 3238 Jesus
719 3175 913 3239 fuerit
952 3178 1392 3260 personaliter
1415 3179 1484 3242 in·
1521 3178 1766 3261 Joppe‚
1811 3177 1966 3240 licet
2014 3176 2086 3240 S.
2126 3176 2363 3240 Petrus
2404 3175 2661 3259 legatur
2699 3176 2809 3239 hic

475 3271 703 3354 fiisse.
781 3279 1009 3352 Actor.
1049 3282 1115 3345 9.
1240 3282 1395 3347 Ideo
1478 3303 1609 3346 non
1695 3301 1898 3368 nego,
1980 3302 2128 3347 eum
2214 3281 2322 3346 hic
2374 3281 2541 3344 forte
2585 3284 2810 3365 pisca-

477 3392 611 3452 Μ
687 3386 914 3452 fnisse.
1021 3387 1411 3472 Reperimus
1488 3390 1684 3453 etiam
1746 3390 1813 3452 in
1886 3390 2084 3458 maris
2163 3388 2350 3451 litore
2372 3387 2809 3460 -‘iimumeram

471 3488 953 3557 multitudinem
995 3492 1079 3556 de
1119 3494 1311 3557 testis
1347 3502 1705 3558 ostrearum
1750 3496 1818 3557 in
1860 3492 2200 3580 multiplici
2249 3499 2318 3554 et
2358 3493 2545 3555 varia
2584 3492 2809 3575 forma,

477 3592 561 3657 de
612 3596 847 3678 quibus
911 3597 1292 3681 colleg-imus
1358 3615 1509 3684 eas,
1572 3617 1744 3684 quae
1802 3598 1993 3661 nobis
2028 3591 2043 3606 “
2066 3596 2278 3679 magis
2353 3595 2669 3680 pulchrae
2739 3602 2809 3658 et

476 3700 803 3767 mirabiles
829 3702 1242 3768 ‚videbantun
1301 3703 1548 3768 Eodem
1591 3704 1699 3767 die
1729 3703 1990 3788 qnidam
2029 3702 2216 3765 miles
2257 3702 2411 3764 emit
2452 3719 2495 3767 a
2532 3700 2809 3787 quodam

475 3803 839 3871 samono
901 3805 1184 3892 lapides,
1252 3824 1419 3892 quos
1480 3808 1755 3873 venales
1796 3809 2021 3873 habuit
2062 3807 2131 3871 in
2170 3807 2487 3891 spelunca
2500 3853 2521 3892 ,
2578 3826 2696 3891 pro
2745 3806 2807 3869 5.

477 3909 761 3995 ducatis,
803 3919 878 3975 et
908 3914 1164 3997 putavit
1204 3913 1377 3998 qnod
1420 3923 1647 3977 essent
1686 3915 2015 3998 pretiosae
2050 3929 2366 3997 gemmae.
2433 3909 2615 3991 Quos
2648 3903 2810 3976 'dum

467 4015 618 4078 ιώ
652 4018 852 4081 εοοίο
891 4018 1295 4102 ostenderet,
1349 4019 1693 4102 comperit,
1742 4037 1870 4083 non
1912 4035 2065 4114 esse
2105 4036 2397 4102 gemmas
2456 4034 2652 4082 veras
2693 4014 2812 4080 sed

469 4123 866 4206 sophisticas
907 4131 978 4187 et
1033 4124 1244 4190 falsas
1284 4124 1369 4189 de
1407 4126 1580 4190 vitre
1638 4122 1941 4190 celerate.
2037 4121 2290 4189 Retulit
2346 4141 2504 4208 ergo
2573 4113 2812 4187 vitrum

475 4226 562 4294 ad
623 4239 1079 4314 mercatorem,
1147 4239 1214 4294 et
1280 4227 1505 4295 aurnin
1587 4229 1779 4294 souin
1860 4229 2174 4294 rehabere
2247 4229 2566 4313 cupiebat.
2675 4224 2812 4290 Sed

471 4341 799 4400 mercator
821 4332 953 4398 ilie
1007 4351 1287 4422 nequam
1341 4354 1468 4403 nec
1520 4353 1753 4400 aurum
1792 4332 2071 4402 reddere
2113 4335 2355 4416 voluit,
2411 4349 2535 4397 nec
2573 4328 2813 4398 vitrum
