3242 5259
525 493 682 561 ergo
724 476 807 539 ab
847 492 952 557 eo,
1013 479 1080 534 et
1137 472 1473 555 progressi
1535 470 1618 535 de
1679 474 1871 555 vico,
1920 489 2114 557 quum
2160 470 2244 536 ad
2299 473 2625 539 sististram
2669 474 2871 541 alium

523 583 745 647 vicum
786 574 1175 643 intravimus
1213 620 1233 657 ,
1302 573 1388 638 ad
1430 575 1755 658 quandam
1812 575 2161 639 ecclesiam
2185 594 2487 659 magnam
2536 581 2861 663 venimus,

524 685 633 751 cui
654 681 911 766 adjacet
952 677 1246 743 solemne
1268 680 1723 743 monasterium
1760 698 1906 744 cum
1931 680 2226 743 omuibus
2255 678 2535 747 officinis
2578 684 2869 768 claustri,

522 788 591 851 in
633 804 765 871 qua
812 784 961 849 olim
1007 783 1366 869 deguerant
1409 783 1720 853 moniales
1762 784 1886 847 sub
1928 783 2256 848 abbatissa
2299 783 2560 851 Ordinis
2603 787 2673 851 S.
2734 789 2870 852 Be-

523 890 787 971 nedicti,
829 897 897 952 et
938 897 1123 953 erant
1160 888 1401 954 divites
1456 897 1520 953 et
1563 895 1850 953 sanctae.
1891 887 2029 953 Sub
2072 889 2187 952 illa
2229 890 2513 956 ecclesia
2539 901 2641 956 est
2681 892 2870 957 locus

524 986 882 1059 nativitatis
902 994 1158 1058 Mariae
1189 995 1416 1058 beatae
1436 993 1760 1077 Virginis,
1788 995 1944 1079 quia
1986 994 2074 1058 ibi
2112 1004 2253 1059 erat
2300 995 2532 1059 domus
2566 996 2866 1059 Joacbim

520 1108 588 1164 et
627 1099 881 1165 Annae.
927 1097 1273 1163 Sarraceni
1313 1118 1399 1163 ex
1439 1098 1552 1163 illa
1593 1098 1877 1162 ecclesia
1921 1098 2216 1163 fecerunt
2258 1100 2654 1182 muscbearn,
2696 1118 2869 1183 qua-

520 1212 783 1290 propter
824 1204 1014 1267 uobis
1066 1203 1435 1287 ingressum
1501 1221 1632 1267 non
1697 1202 2054 1287 indulgent.
2179 1203 2499 1267 Stetimus
2563 1221 2721 1287 ergo
2798 1213 2869 1268 et

522 1310 845 1374 orationes
883 1315 1240 1372 consuetas
1282 1316 1434 1371 ante
1475 1308 1655 1372 fores
1693 1308 2017 1373 ecclesiae
2078 1308 2479 1392 perfecimus
2523 1316 2589 1371 et
2644 1307 2866 1372 indul-

518 1416 781 1500 gentias
830 1412 1164 1496 plenariae
1220 1413 1622 1477 remissionis
1683 1414 2054 1497 accepimus
2120 1412 2305 1496 (st).
2406 1413 2655 1477 Verum
2715 1422 2867 1496 post

521 1520 1003 1605 peregrinorum
1060 1536 1391 1583 recessum
1449 1517 1805 1582 intromissi
1864 1518 2103 1582 fuimus
2145 1536 2288 1600 nos,
2331 1517 2443 1601 qui
2480 1519 2550 1582 in
2586 1518 2868 1581 Jerusa-

522 1624 648 1688 lem
692 1624 1139 1707 remansimus,
1191 1641 1335 1686 cum
1381 1639 1620 1704 magna
1663 1631 1880 1686 tamen
1930 1621 2308 1687 difficultate
2351 1629 2420 1684 et
2458 1620 2744 1706 occulte,
2790 1632 2863 1685 ut

522 1727 633 1792 fol.
675 1727 825 1810 230,
868 1726 935 1788 in
978 1724 1180 1790 latere
1221 1728 1300 1810 B,
1345 1735 1409 1789 et
1451 1725 1687 1789 ibidem
1726 1730 1916 1791 etiam
1964 1727 2349 1791 describitur
2391 1725 2574 1790 locus
2616 1735 2680 1789 et
2721 1746 2866 1792 mo-

525 1833 902 1900 nasterium.

691 1937 777 1998 Et
808 1932 1181 2016 notandum,
1224 1932 1396 2016 quod
1435 1933 1783 1999 sarraceni
1846 1935 2264 2018 singulariter
2317 1944 2631 1999 conantur
2689 1934 2864 1997 illam

523 2039 867 2105 ecclesiam
910 2039 1102 2101 etiam
1138 2055 1180 2100 a
1226 2038 1548 2100 memoriis
1592 2036 2111 2103 Christianorum
2164 2039 2403 2125 delere,
2455 2040 2609 2123 quia
2646 2040 2711 2101 iu
2752 2057 2862 2101 ar-

521 2152 898 2229 gumentum
942 2142 1423 2207 mendacissimi
1465 2141 1777 2206 Alcorani
1822 2151 1925 2205 est
1968 2145 2075 2207 ibi.
2160 2144 2379 2207 Habet
2435 2145 2605 2207 enim
2656 2143 2862 2208 Alco-

525 2267 743 2334 rauus,
789 2246 960 2336 quod
1004 2247 1196 2310 beata
1236 2247 1449 2308 Maria
1472 2246 1681 2330 Virgo
1730 2246 1925 2310 fuerit
1967 2249 2099 2311 filia
2116 2251 2388 2333 Miriam,
2418 2262 2606 2312 soror
2646 2249 2861 2311 Aaron

525 2361 593 2417 et
645 2355 927 2437 Moysis,
972 2350 1145 2437 quod
1187 2350 1676 2415 deliramentum
1741 2351 2161 2416 falsissimum
2206 2361 2346 2436 est,
2397 2362 2472 2416 ut
2540 2362 2720 2437 patet
2782 2352 2867 2417 de

523 2460 734 2523 cribra
774 2458 993 2523 Alcor.
1039 2455 1082 2518 l.
1130 2455 1184 2520 1.
1230 2473 1287 2519 c.
1338 2455 1392 2520 1.
1439 2463 1507 2518 et
1547 2454 1657 2519 lib.
1698 2456 1759 2521 3.
1810 2474 1865 2520 c.
1917 2455 2019 2527 17.

673 2706 796 2784 De
840 2702 1216 2809 probatica
1271 2699 1554 2804 piscina
1602 2701 2009 2781 Bethsaida
2041 2756 2064 2795 ‚
2113 2703 2232 2780 ubi
2278 2705 2724 2808 paralyticus

1439 2831 1742 2899 sanatus
1790 2833 1934 2905 est.

692 3008 911 3091 Prope
960 3005 1304 3070 ecclesiam
1349 3005 1526 3069 illam
1570 3005 1746 3069 ducti
1790 3006 2028 3070 fuimus
2072 3027 2192 3090 per
2252 3016 2499 3072 arctum
2538 3010 2773 3091 vicum,
2799 3017 2868 3072 et

528 3107 798 3177 domum
822 3111 1144 3194 quandam
1174 3110 1598 3193 pulsavimus,
1644 3110 1710 3171 in
1734 3128 1863 3194 qua
1881 3111 2250 3176 residebant
2276 3131 2597 3198 pauperes
2630 3115 2868 3179 Sarra-

532 3218 724 3299 ceni,
785 3218 896 3300 qni
949 3215 1191 3279 ostIum
1254 3223 1624 3278 reserantes
1692 3214 1998 3278 uolebant
2074 3235 2197 3280 nos
2254 3220 2685 3285 intromittere
2735 3221 2861 3284 nisi

522 3323 705 3406 prius
747 3319 1050 3384 daremus
1099 3319 1198 3382 eis
1240 3317 1488 3401 aliquot
1515 3316 1835 3382 denarios.
1893 3317 2087 3398 Quod
2130 3340 2279 3385 cum
2322 3323 2561 3388 sactum
2607 3325 2863 3407 fuisset,

524 3427 807 3513 ingressi
850 3439 1100 3507 snmus,
1142 3430 1208 3485 et
1269 3440 1389 3508 per
1428 3422 1675 3506 gradus
1719 3423 2014 3507 lapideos
2074 3427 2144 3489 in
2204 3445 2398 3491 uuam
2451 3432 2696 3493 curiam
2754 3428 2863 3494 vel

499 3534 851 3619 *planitiem
889 3549 1019 3595 non
1062 3527 1330 3593 multum
1374 3544 1676 3612 magnam
1723 3528 2199 3615 descendimus,
2241 3548 2411 3617 quae
2436 3533 2678 3597 vallata
2719 3554 2868 3597 mu-

523 3642 615 3719 ris
656 3637 978 3724 quondam
1024 3634 1167 3717 fuit,
1210 3640 1280 3697 et
1321 3631 1537 3696 adhuc
1577 3654 1694 3717 pro
1727 3645 1913 3719 parte
1954 3644 2076 3699 est.
2157 3639 2243 3698 Et
2283 3648 2438 3703 sunt
2475 3659 2593 3722 per
2628 3657 2867 3723 gyrum

521 3752 747 3826 portae
787 3748 1109 3806 arcuatae.
1155 3740 1233 3801 In
1272 3737 1383 3802 illo
1427 3736 1571 3802 loco
1614 3749 1752 3804 erat
1791 3748 2090 3824 tempore
2130 3740 2377 3806 Christi
2415 3743 2669 3826 piscina
2705 3762 2861 3826 pro-

522 3848 758 3931 batica,
801 3863 970 3931 quae
1014 3842 1588 3928 cognominabatur
1629 3843 1935 3910 hebraice
1976 3846 2352 3939 Bethsaida,
2392 3849 2504 3912 ubi
2544 3847 2861 3913 Dominus

522 3946 724 4011 Jesus
749 3946 1194 4029 -paralytioum
1213 3948 1526 4031 sanavit,
1567 3956 1644 4011 ut
1685 3948 1919 4015 dicitur
1960 3951 2110 4015 Joh.
2154 3952 2240 4019 V.
2303 3952 2607 4016 Habebat
2647 3960 2861 4015 autem

526 4051 780 4134 piscina
820 4049 985 4113 baec
1026 4065 1292 4134 aequas,
1329 4070 1500 4135 quae
1541 4052 1952 4118 confluebant
2012 4063 2304 4139 tempore
2355 4057 2717 4140 pluviarum
2776 4074 2863 4118 ex

518 4152 872 4218 stillicidiis
914 4154 1160 4238 templi,
1205 4164 1270 4219 et
1311 4157 1383 4219 in
1424 4174 1509 4222 ea
1550 4175 1714 4222 ovea
1751 4166 1817 4223 et
1859 4158 1987 4223 alia
2026 4178 2265 4243 pecora
2314 4161 2387 4225 in
2439 4161 2682 4245 templo
2734 4161 2862 4223 im-

517 4257 819 4324 molanda
857 4259 1268 4325 lavabantur..
1343 4258 1656 4327 Salomon
1716 4264 1910 4327 etiam
1930 4310 1935 4315 ·
1954 4263 2159 4345 jtrssit
2222 4265 2469 4349 lignum
2491 4311 2514 4351 ,
2580 4264 2754 4351 quod
2798 4267 2862 4327 ei

515 4364 771 4450 Sibylla
820 4375 1311 4451 monstraverat,
1357 4377 1424 4433 et
1469 4368 1537 4432 in
1586 4387 1715 4452 quo
1736 4367 2064 4435 Christum
2109 4373 2246 4456 pati
2272 4374 2861 4455 praenuntiaverat,
