3242 5259
1523 380 1643 446 181

419 567 608 651 aquis
651 563 949 645 immergi
988 562 1274 627 videtur.
1349 559 1486 628 Sed
1527 559 1684 644 dugn
1735 558 1928 644 galea
1968 578 2173 644 prope
2230 568 2466 626 terram
2521 565 2629 624 est
2670 537 2754 626 ad

419 672 553 736 XX
590 669 704 734 vel
742 666 936 732 XXX
995 666 1269 730 miliaria
1330 666 1730 749 theutonica,
1784 674 1941 729 tunc
2000 665 2105 729 sol
2165 666 2381 729 oriens
2421 664 2684 730 videtur
2717 686 2755 728 a

423 775 749 842 montibus
797 773 971 836 illius
1029 779 1246 834 terrae
1293 771 1594 856 prodire,
1663 772 1756 838 ita
1797 769 1969 853 quod
2027 779 2279 834 montes
2326 781 2493 835 -ante
2550 771 2754 834 solem

423 888 773 946 cernuntur
834 879 905 941 in
961 865 1354 940 rutilatioue'
1386 895 1689 959 aurorae,
1765 876 1917 959 quia
1971 874 2169 937 inter·
2195 874 2400 940 solem
2455 884 2523 939 et
2578 892 2759 939 mare

425 992 853 1070 opponuntur.
939 977 1077 1044 Sed
1139 999 1333 1065 quam
1397 983 1615 1045 statim
1676 981 1777 1044 sol
1844 989 2028 1043 ortus
2088 997 2286 1063 super
2337 992 2591 1044 montes
2657 988 2763 1045 est

426 1092 742 1174 elevatus,
778 1095 1037 1152 montes
1071 1086 1166 1149 illi
1207 1087 1485 1169 amplius
1527 1087 1594 1152 in
1636 1082 1885 1149 duabus
1934 1086 2043 1148 vel
2087 1088 2288 1151 tribus
2330 1088 2510 1151 horis
2548 1085 2761 1149 videri

426 1213 557 1261 non
602 1201 893 1279 possunt.
977 1190 1093 1255 Sic
1135 1209 1294 1274 ergo
1342 1179 1638 1256 maue‘in
1696 1193 2080 1274 crepusculo
2118 1192 2187 1256 in
2231 1212 2424 1277 prora
2487 1193 2761 1275 stabam,

427 1310 496 1365 et
547 1309 787 1364 terram
851 1305 1144 1359 sanctam
1208 1305 1362 1358 ante
1427 1305 1638 1360 ortum
1700 1295 1862 1359 solis
1890 1309 2190 1364 'cernere
2264 1281 2651 1382 cupiebam,
2693 1306 2761 1360 et

425 1414 687 1491 propter
726 1405 938 1487 ipsam
970 1410 1208 1465 terram
1237 1400 1399 1464 solis
1430 1410 1638 1465 ortum
1670 1400 2145 1488 desiderabam,
2186 1403 2525 1487 ipsumque
2557 1400 2765 1468 solem

427 1514 741 1576 orientem
802 1501 1121 1591 gaudioso
1183 1505 1576 1589 salutabam,
1649 1507 1801 1592 quia
1861 1526 1989 1570 non
2055 1508 2183 1572 nisi
2251 1508 2394 1591 ejus
2446 1507 2763 1571 beneficio

429 1623 664 1678 terram
704 1611 881 1677 illam
923 1628 1192 1674 cernere
1232 1620 1540 1695 poteram.
1619 1611 1756 1675 Sed
1800 1612 1951 1676 dum
1994 1612 2199 1677 solem
2238 1612 2527 1677 viderem
2568 1629 2766 1695 super

429 1737 608 1783 mare
668 1717 1026 1799 elevatum,
1110 1734 1235 1780 nec
1311 1718 1379 1779 in
1442 1714 1586 1781 or'tu
1649 1716 1890 1802 aliquid
1955 1717 2493 1801 demonstratum,
2562 1718 2767 1780 tristis

431 1825 647 1887 visum
694 1821 1012 1904 repressi,
1055 1831 1121 1884 et
1163 1821 1248 1885 ad
1305 1822 1527 1885 horam
1571 1823 1717 1886 aliis
1758 1824 2043 1889 intentus
2088 1824 2203 1891 fui.
2287 1822 2534 1887 Eodem
2576 1819 2765 1890 modo

364 1987 382 2005 ,
435 1938 575 1993 erat
632 1936 699 1990 et
756 1927 904 1990 aliis
963 1928 1358 2010 peregrinis,
1431 1945 1561 1990 non
1637 1926 1895 2011 quidem
1981 1930 2315 2014 omnibus,
2379 1926 2495 1992 sed
2546 1921 2765 1994 'solum

433 2033 796 2097 amantibus
859 2041 925 2094 et
987 2030 1521 2111 desiderantibus.
1609 2032 1761 2096 Aeli
1803 2032 1983 2098 Deus
2048 2053 2266 2115 meus,
2330 2053 2523 2119 quam
2576 2031 2768 2098 dulce

432 2147 647 2222 potest
708 2154 861 2200 esse
916 2137 984 2199 in
1047 2136 1301 2201 devotis
1365 2145 1430 2199 et
1472 2138 1994 2221 contemplativis
2066 2137 2457 2203 desiderium
2522 2140 2769 2224 patriae

434 2244 762 2326 coelestis,
803 2261 952 2306 cum
993 2241 1317 2305 indevotis
1359 2250 1424 2303 et
1447 2239 1609 2323 (¹70
1629 2241 1737 2325 A)
1772 2244 2030 2306 miseris
2073 2245 2436 2309 criminosis
2472 2254 2543 2314 et
2574 2243 2783 2328 πῄ,

430 2348 793 2433 peregrinis
855 2357 986 2411 tam
1047 2363 1288 2429 suave,
1338 2346 1614 2411 dulcens
1653 2355 1719 2408 et
1762 2345 2027 2412 fervens
2077 2346 2462 2412 desiderium
2523 2351 2769 2432 patriae

436 2455 799 2518 terrestris!
845 2451 1033 2516 Sicut
1076 2452 1248 2516 enim
1289 2452 1501 2515 Maria
1536 2452 1933 2535 Magdalena
1972 2454 2126 2536 igne
2167 2454 2406 2518 amoris
2449 2457 2769 2518 succensa

437 2576 641 2642 saepe
680 2576 759 2623 se
797 2557 1153 2641 inclinavit,
1180 2564 1246 2618 et
1288 2555 1355 2619 in
1396 2566 1877 2621 monumentum
1918 2561 2023 2622 sui
2077 2556 2296 2623 dilecti
2349 2560 2762 2642 introspexit:

438 2664 540 2727 sic
581 2680 914 2727 amorosus
958 2660 1343 2747 peregrinus
1389 2662 1456 2724 in
1498 2663 1654 2726 navi
1695 2680 1896 2746 saepe
1958 2663 2147 2746 erigit
2189 2679 2267 2726 se
2322 2673 2391 2725 et
2429 2665 2514 2729 ad
2553 2666 2772 2730 orien-

440 2776 571 2831 tem
612 2768 907 2831 intuitum
950 2767 1207 2856 defigit,
1252 2777 1323 2831 ut
1366 2777 1600 2832 terram
1644 2769 2037 2831 monumenti
2062 2768 2183 2854 ,sui
2227 2767 2443 2835 dilecti
2505 2787 2771 2834 cernere

443 2882 654 2956 queat.
740 2870 898 2936 Ideo
963 2882 1100 2936 toto
1167 2872 1274 2937 die
1335 2871 1724 2936 sedebamus
1784 2874 2208 2957 respicientes
2280 2891 2397 2955 per
2457 2889 2633 2934 mare
2687 2886 2771 2932 an

440 2977 684 3061 aliquid
722 2995 1068 3061 possemus
1125 2987 1383 3061 praeter
1444 2997 1681 3061 aquam
1745 2976 2003 3041 videre:
2059 2985 2124 3041 et
2189 2996 2646 3061 nonuunquam
2688 2991 2772 3036 ex

443 3082 596 3146 forti
635 3083 1092 3166 imaginatione
1133 3083 1559 3148 aestimabant
1599 3101 1679 3147 se
1719 3083 1918 3167 aliqui
1953 3093 2189 3147 terram
2211 3083 2458 3167 videre,
2481 3082 2773 3163 aliosque

442 3186 851 3252 advocabant
916 3198 984 3251 et
1024 3188 1108 3252 ad
1159 3187 1512 3254 videndum
1552 3190 1947 3273 invitabant,
1990 3199 2058 3252 et
2099 3190 2205 3272 pio
2250 3188 2454 3271 litigio
2497 3205 2774 3250 concer-

441 3294 698 3376 tabant,
742 3292 845 3356 his
887 3291 1252 3359 dicentibus
1294 3311 1372 3358 se
1412 3305 1649 3358 terram
1688 3293 1944 3378 videre,
2015 3295 2159 3357 aliis
2201 3295 2327 3357 hoc
2364 3292 2772 3375 negantibus.

442 3398 530 3461 Et
591 3395 937 3481 aliquando
1002 3399 1391 3462 altercantes
1455 3416 1626 3462 unus
1686 3416 1764 3462 se
1830 3398 2017 3462 alteri
2050 3451 2059 3458 .
2087 3398 2416 3483 obligabat
2479 3417 2594 3480 pro
2656 3412 2778 3459 sua

445 3503 758 3585 veritate,
801 3511 867 3564 et
919 3502 1236 3586 judicium
1296 3501 1776 3565 committebant
1828 3503 2218 3585 speculatori
2273 3502 2528 3566 sedenti
2583 3519 2779 3582 super

446 3607 717 3691 kebam,
773 3608 885 3692 qui
927 3605 1080 3670 data
1134 3607 1461 3671 sententia
1516 3622 1688 3669 uuus
1732 3605 1917 3669 alteri
1971 3607 2380 3672 malfasetum
2432 3617 2542 3670 aut
2584 3606 2775 3670 aliam

448 3731 607 3796 rem,
649 3730 843 3796 quam
882 3710 1302 3795 obligaverat,
1345 3709 1661 3774 solvebat.
1728 3711 1905 3773 Inter
1944 3712 2108 3774 haec
2150 3730 2467 3794 prospera
2488 3712 2779 3793 {naviga-

447 3820 624 3883 tione
675 3816 1111 3900 processimus
1178 3824 1246 3877 et
1313 3815 1550 3878 bouum
1623 3811 1819 3876 valde
1884 3832 1965 3877 ac
2026 3815 2438 3894 tranquillum
2508 3825 2781 3879 ventum

448 3922 808 3990 habuimus.
862 3921 1222 3991 Videbatur
1262 3928 1476 3983 autem
1516 3919 1739 3998 nobis,
1804 3916 1976 4002 quod
2015 3919 2227 4002 ipsum
2270 3939 2557 3984 amarum
2597 3938 2779 3983 mare

442 4027 579 4110 jam
619 4028 938 4109 inciperet
984 4025 1359 4090 dulcescere
1413 4043 1688 4089 suavem
1744 4032 2083 4106 praestans
2155 4024 2670 4108 navigationem,
2715 4029 2783 4084 et

448 4133 578 4197 hoe
629 4142 893 4217 propter
958 4130 1496 4214 propinquitatem
1566 4127 1984 4192 dulcissimae
2052 4138 2264 4193 terrae
2334 4127 2543 4209 illius,
2615 4144 2783 4210 quae

448 4236 588 4301 fluit
628 4237 800 4304 lacte
861 4246 929 4300 et
968 4235 1178 4300 melle.
1263 4235 1505 4318 Sicque
1547 4233 1850 4296 transivit
1906 4232 2046 4296 dies
2087 4233 2203 4298 illa
2260 4252 2410 4298 cum
2451 4241 2672 4313 nocte,
2716 4237 2782 4292 et

449 4360 569 4426 per
608 4358 1018 4427 consequens
1060 4342 1258 4405 tinem
1299 4338 1521 4402 habuit
1561 4337 1802 4401 Junius
1842 4339 2109 4402 mensis.

1079 4438 1364 4515 Finitur
1414 4438 1811 4514 Tractatus
1857 4438 2143 4515 tertius.
