3242 5259
1630 319 1715 386 78

493 503 862 583 ᾠωὶὴινίι.
949 506 1026 567 ln
1061 504 1203 595 ‘hoc
1229 512 1476 602 ‘castro
1533 500 1667 565 dux
1730 502 2042 566 Austriae
2097 504 2291 568 habet
2351 523 2612 587 semper
2667 506 2837 575 mul-

492 624 594 676 tos
663 609 1031 694 soldatoS,2
1057 611 1166 692 qui
1239 607 1613 673 custodiunt
1699 610 1785 672 ibi
1863 618 2146 672 castrum
2165 655 2188 693 ,
2265 618 2332 673 et
2397 600 2832 700 „provinciam-

490 719 791 783 Ulterius,
816 717 1251 798 processimus
1297 725 1364 803 et
1411 715 1494 778 ad
1538 716 1751 779 lacum
1812 714 2135 798 quendam
2199 717 2529 801 venimus,
2588 717 2670 780 de
2712 734 2839 802 quo

488 823 635 887 lacu
678 823 916 885 fluvius
983 820 1265 884 decurrit
1288 866 1310 903 ,
1386 824 1648 885 nomine
1704 822 1944 885 Brenta
1964 865 1985 903 ,
2045 822 2156 903 qui
2227 821 2379 885 inde
2444 842 2713 890 currens
2756 823 2843 886 ad

487 929 775 1017 Paduam
840 938 1053 1011 usque
1094 927 1410 1009 pervenit,
1480 936 1571 989 et·
1609 936 1839 1009 postea
1894 927 2301 990 descendens
2361 930 2521 992 mari
2584 929 2843 991 Veneto

489 1022 960 1102 commiscetur.
1031 1033 1522 1114 Consequenter
1562 1034 1632 1094 iu
1673 1033 1931 1113 longam
1974 1031 2213 1095 vallem
2257 1050 2554 1115 magnam
2599 1042 2665 1093 et
2706 1032 2844 1094 fer-

489 1141 667 1204 tilem
718 1143 1052 1223 venimus,
1119 1150 1184 1203 et
1244 1140 1309 1201 in
1382 1136 1688 1220 oppidum
1757 1135 2081 1219 quoddam
2104 1182 2124 1218 ,
2187 1136 2430 1200 dictum
2486 1136 2844 1219 vulgariter

488 1247 824 1328 Valsoian,
885 1246 1267 1309 divertimus
1341 1243 1665 1311 modicum
1723 1241 2044 1325 pausandi
2108 1244 2340 1324 gratia.
2441 1243 2563 1304 Est
2624 1251 2840 1304 autem

485 1353 612 1416 hoc
664 1351 966 1434 oppidum
1029 1360 1097 1414 et
1154 1355 1635 1432 consequenter
1691 1356 1826 1410 tota
1871 1356 2044 1409 terra
2100 1364 2311 1431 usque
2374 1347 2459 1411 ad
2525 1367 2702 1411 mare
2759 1347 2842 1409 de

492 1457 974 1540 linguaitalica3
1031 1457 1562 1545 hospites-tamen
1587 1455 1782 1540 quasi
1804 1451 2076 1535 (θθΑ)
2098 1471 2325 1515 omnes
2360 1454 2578 1516 sciunt
2617 1454 2844 1516 ambas

487 1564 743 1645 ling-uas
786 1562 1207 1627 alemanicum
1268 1572 1334 1625 et
1372 1561 1694 1635 italicam.
1783 1560 2187 1640 Interrogavi
2247 1567 2461 1646 autem
2519 1560 2840 1641 hospitem

487 1667 573 1733 de
611 1669 858 1731 ratione
901 1669 1198 1750 nominis,
1263 1654 1466 1751 qu'atn
1505 1664 1809 1748 oppidum
1853 1667 2287 1727 nominaretur
2328 1664 2677 1747 Valscian,
2734 1665 2844 1748 qui

488 1774 840 1857 respondit.
933 1772 1289 1867 Valscian,
1347 1772 1516 1836 idem
1572 1781 1676 1848 est
1731 1769 1904 1853 quod
1961 1771 2158 1833 vallis
2212 1773 2409 1850 sicca,
2468 1778 2534 1832 et
2589 1771 2846 1853 accepit

488 1897 722 1944 nomeu
765 1879 933 1959 ideo,
977 1880 1128 1961 quia
1163 1888 1315 1941 ante
1335 1878 1539 1941 multa
1576 1886 1886 1960 tempora,
1910 1886 2256 1958 antequam
2293 1893 2471 1937 mare
2500 1876 2840 1938 remissum

490 1986 632 2067 fuit,
677 1982 1200 2067 aseenditusque
1241 1984 1369 2046 huc
1394 2000 1674 2066 sursum,
1720 1990 1786 2044 et
1828 1990 1966 2044 tota
1988 1980 2186 2043 vallis
2219 1980 2415 2062 plena
2458 1981 2579 2043 fuit
2620 1982 2840 2064 aquisg

454 2089 681 2154 2undo·
698 2091 785 2152 ab
828 2097 1098 2171 utraque
1141 2098 1325 2170 parte
1344 2089 1651 2152 montium
1693 2085 1946 2150 vallem
1978 2086 2457 2167 respicientium
2501 2087 2845 2168 reperiun-

491 2206 596 2260 tur
637 2168 859 2260 eirculi
907 2193 1098 2255 ferrei
1121 2194 1188 2255 in
1230 2193 1432 2275 petris
1464 2212 1595 2275 pro
1612 2192 1955 2273 alligatura
1972 2194 2261 2256 navium.
2306 2193 2466 2255 Post
2511 2208 2842 2254 recessum

495 2319 651 2384 ergo
692 2300 892 2367 maris
933 2298 1125 2360 vallis
1167 2300 1417 2361 siccata
1460 2299 1725 2360 retinnit
1763 2316 1996 2360 nomen
2035 2297 2368 2359 Valscian.
2457 2298 2560 2360 Ex
2616 2298 2853 2380 quibus

495 2417 724 2483 notare
763 2406 976 2491 ‘potui
999 2448 1020 2486 ,
1096 2403 1268 2486 quod
1353 2410 1579 2466 omncs
1660 2402 1871 2465 valles
1942 2412 2168 2479 contra
2243 2416 2423 2465 mare
2502 2400 2845 2465 tendentes

496 2513 829 2586 montium·
856 2509 1119 2598 §definit
1183 2509 1335 2572 olim
1393 2506 1678 2589 repletae
1719 2509 1958 2592 aquis,
1994 2498 2074 2571 et'
2115 2518 2299 2571 erant
2342 2509 2595 2573 canalia
2646 2510 2846 2571 maris

500 2616 721 2698 magni
734 2655 759 2690 ,
817 2618 991 2677 sicut
1051 2612 1244 2677 hodie
1307 2623 1446 2705 est,
1506 2614 1572 2675 in
1632 2615 1823 2676 terris
1856 2614 2029 2677 mari
2084 2617 2495 2698 propinquis,
2561 2623 2633 2676 ut
2690 2612 2842 2676 dixi.

501 2720 884 2782 'theutonici
963 2718 1292 2782 nominant
1333 2716 1724 2787 ,waleviam
1780 2753 1792 2767 ·
1837 2717 1934 2795 8¹¹
2006 2720 2112 2785 ber
2185 2718 2366 2804 &urg
2387 2767 2408 2801 ,
2487 2723 2639 2802 quia
2716 2719 2842 2782 duo

501 2834 721 2887 castra
768 2833 921 2887 sunt
983 2842 1185 2907 supra
1241 2823 1584 2908 oppidum,
1643 2810 1740 2885 'et'
1764 2841 1985 2890 murus
2032 2826 2229 2885 castri
2272 2823 2600 2886 concludit
2659 2824 2851 2905 oppi-

505 2929 680 2993 dum.
767 2927 1024 2991 Deinde
1066 2947 1108 2991 a
1155 2928 1470 2991 Valscian
1527 2932 1922 2992 recessimus
1965 2936 2032 2990 et
2072 2944 2219 2991 sero
2263 2929 2329 2990 iu
2372 2928 2595 2990 villam
2613 2971 2634 3009 ,
2679 2945 2852 3009 quae

501 3033 733 3099 dicitur
776 3032 1039 3115 Spiteli,
1095 3030 1159 3094 id
1204 3043 1307 3096 est
1347 3033 1758 3116 hospitiolum
1772 3078 1794 3118 ,
1848 3033 2228 3096 divertimus
2242 3076 2264 3115 ,
2327 3034 2546 3116 ibique
2587 3049 2849 3095 reman-

499 3139 705 3202 simus
747 3155 865 3219 per
904 3145 1176 3198 noctem.
1392 3213 1397 3218 ἢ
1956 3170 1960 3175 -
2001 3148 2020 3179 ·

662 3241 1031 3304 Vicessima
1068 3241 1287 3323 tertia,
1357 3258 1525 3324 quae
1580 3251 1685 3304 est
1741 3244 1979 3305 festum
2022 3240 2120 3305 St.
2168 3241 2435 3324 Georgii
2496 3242 2719 3305 militis
2778 3249 2845 3305 et

499 3349 821 3431 martyris,
855 3346 1472 3428 mane'rogaverunt
1499 3366 1604 3422 me
1626 3347 1902 3430 Domini,
1924 3357 1995 3410 ut
2021 3347 2416 3410 celebrarem
2451 3347 2550 3409 eis
2569 3347 2845 3410 Missam

501 3452 584 3516 de
626 3461 853 3516 sancto
899 3452 1166 3514 Georio:
1237 3468 1464 3515 omnes
1519 3454 1689 3519 enim
1733 3454 1982 3517 nobiles
2022 3453 2341 3536 singulari
2393 3451 2672 3535 quadam
2730 3452 2853 3516 de-

499 3550 900 3623 votione'St.
946 3554 1257 3622 Georium
1322 3558 1560 3622 colunt.
1647 3561 1806 3623 Erat
1865 3567 2079 3623 autem
2142 3559 2352 3622 solum
2408 3577 2540 3621 una
2597 3559 2853 3642 capella,

498 3664 567 3725 in
605 3661 767 3728 vina
804 3664 951 3725 sino
989 3663 1365 3748 sacerdote,
1428 3674 1496 3728 et
1557 3684 1705 3729 cum
1767 3682 2003 3748 magua
2047 3644 2427 3728 difficultate
2482 3666 2729 3728 obtinui
2765 3665 2845 3731 ab

500 3767 757 3833 aedituo
786 3769 1160 3852 ecclesiae,
1214 3770 1385 3852 quod
1447 3772 1761 3854 capellam
1827 3772 2075 3855 aperuit
2098 3816 2119 3852 ,
2184 3778 2249 3832 et
2305 3778 2681 3853 paramenta
2731 3788 2850 3850 pro

500 3874 708 3934 Missa
752 3878 1064 3958 exposuit.
1156 3874 1449 3958 Cumque
1489 3878 1617 3958 jam
1669 3878 1925 3938 indutus
1982 3871 2497 3939 sacerdotalibus
2550 3875 2846 3941 vestibus

504 3998 740 4062 essum,
784 3994 848 4042 ut
892 3982 1148 4042 Domini
1196 3986 1317 4046 mei
1369 3986 1649 4062 nubilus,
1721 3994 1777 4042 et
1841 3984 1949 4042 alii
2006 3983 2302 4045 homines
2369 3978 2454 4043 de
2507 3979 2671 4043 villa
2734 3996 2853 4063 per

504 4102 728 4150 sunum
772 4106 1120 4170 campanae
1152 4090 1485 4150 coarmati
1529 4090 1969 4170 advenissont,
1994 4095 2061 4149 et
2091 4086 2360 4149 calicem
2385 4104 2564 4149 more
2588 4094 2852 4148 nostroo

508 4198 656 4250 unta
704 4190 1032 4254 Confiteor
1076 4214 1305 4274 parare
1349 4194 1625 4270 velle1n3
1685 4214 1813 4254 nun
1861 4194 1978 4254 fuit.
2019 4192 2088 4254 iu
2128 4191 2398 4255 vasculo
2441 4192 2510 4255 in
2568 4192 2855 4254 fenestra

500 4298 712 4378 positu
764 4302 952 4378 panis
996 4298 1104 4358 vel
1140 4298 1373 4378 hostia,
1433 4318 1553 4362 nm:
1613 4302 1673 4362 in
1733 4310 1865 4362 ‘tutu
1909 4297 2104 4362 villa:
2160 4298 2329 4360 verti
2389 4315 2545 4388 ergo
2600 4317 2706 4362 me
2768 4296 2853 4359 ad

504 4402 804 4486 pupilium
852 4414 912 4466 nt
960 4404 1208 4466 hostiae
1257 4406 1573 4466 defui-tum
1617 4406 1945 4470 intimavi:
1988 4423 2074 4466 ne
2117 4411 2332 4480 tamen
2357 4386 2617 4468 omnino
2659 4404 2853 4469 vacui
