3242 5259
1492 354 1633 443 m

396 543 503 607 lus
546 540 812 625 majoris
857 535 1264 604 multatis
1307 550 1426 604 est.
1471 539 1671 606 Circa
1710 540 1859 624 ejus
1900 535 2494 611 determ'nationem
2539 539 2750 609 dican

396 666 497 732 ee,
540 665 714 734 quae
756 646 889 728 legi
939 646 1009 707 in
1051 646 1338 735 anitiquis
1393 655 1461 711 et
1502 645 2402 730 modernis-peregrinalibus.
2488 644 2559 711 N
2559 644 2752 717 oum

397 752 572 814 enim
659 731 745 813 ex
808 751 1084 832 propriis
1144 752 1485 835 quiequam
1587 758 1837 816 temere
1901 769 2232 833 asserere,
2305 749 2479 834 quod
2541 749 2752 815 devo-

394 859 639 926 mrtem
682 853 769 918 ad
810 853 1197 919 dominicum
1236 852 1658 939 sepulchrum
1697 863 1931 939 posset
1973 855 2200 920 tollere
2253 864 2372 919 aut
2393 855 2749 922 diminuere

394 963 461 1024 in
503 958 749 1024 Christi
786 958 1101 1022 fidelibus.
1189 959 1411 1044 Porro,
1473 958 1830 1024 difficultas
1891 963 1958 1025 in
2011 960 2136 1024 hac
2196 979 2270 1024 re
2325 959 2603 1023 resultat
2663 979 2748 1025 ex

395 1063 675 1129 diversis
716 1072 786 1126 et
826 1061 1273 1131 differentibus
1323 1066 1537 1128 sancti
1576 1065 1906 1149 sepulchri
1963 1063 2505 1148 descriptionibus
2569 1067 2747 1130 anti-

394 1187 663 1254 quorum
707 1175 773 1230 et
814 1167 1281 1231 modernorum.
1370 1168 1573 1234 Venit
1615 1173 1806 1234 etiam
1871 1188 1957 1234 ex
1986 1169 2281 1249 ,diverso
2341 1177 2521 1234 statu
2575 1170 2746 1233 civi-

394 1275 548 1338 tatis
587 1270 958 1337 Jerusalem
1000 1282 1066 1335 et
1109 1273 1357 1337 crebris
1401 1274 1545 1357 ejus
1589 1275 2151 1340 devastationibus
2175 1320 2195 1358 ,
2263 1292 2348 1338 ex
2421 1274 2744 1339 desiderio

394 1380 587 1443 etiam
630 1385 698 1440 et
740 1375 1087 1441 devotione
1128 1378 1340 1460 ipsum
1406 1380 1818 1462 sepulchrum
1882 1379 2282 1444 visitantium
2377 1388 2444 1443 et
2499 1379 2745 1464 aliquid

396 1484 480 1548 de
521 1502 599 1547 eo
642 1490 972 1566 reportare
1011 1501 1130 1565 pro
1174 1485 1428 1566 magnis
1467 1484 1758 1568 reliquiis
1800 1485 2265 1568 quaerentium.
2350 1484 2457 1548 Ex
2498 1487 2743 1553 vestita

395 1591 589 1653 etiam
628 1587 835 1670 ipsius
873 1587 1203 1671 sepulchri
1246 1590 1639 1672 ambiguitas
1684 1593 1936 1674 surgit,
1995 1608 2144 1654 cum
2199 1606 2323 1653 nec
2378 1590 2554 1653 intus
2619 1609 2744 1655 nec

394 1703 597 1777 extra,
639 1711 763 1757 nec
808 1694 878 1755 in
919 1700 1359 1775 monumento,
1404 1711 1527 1756 nee
1568 1694 1638 1756 in
1678 1696 2086 1778 sarcophago
2142 1696 2485 1779 quicquam
2529 1714 2740 1780 appa-

393 1808 532 1863 reat
573 1797 657 1861 de
698 1816 858 1882 rupe
901 1816 1057 1861 vera
1099 1807 1163 1860 et
1208 1807 1414 1881 petra,
1458 1798 1576 1861 sed
1619 1807 1847 1882 tetum,
1885 1808 1958 1862 ut
1998 1800 2246 1883 patuit,
2316 1809 2422 1863 est
2461 1799 2739 1865 candide

392 1911 460 1968 et
498 1904 697 1988 polito
740 1920 1054 1966 marmore
1113 1904 1425 1966 vestitum
1469 1910 1533 1964 et
1576 1912 1869 1966 ornatum
1900 1949 1923 1987 ,
1989 1903 2162 1987 quod
2231 1906 2312 1967 ab
2377 1905 2562 1969 initio
2608 1923 2739 1969 non

389 2008 530 2073 fuit.
618 2006 977 2071 Videamus
1018 2024 1197 2090 ergo,
1239 2006 1397 2091 quid
1431 2006 1541 2070 alii
1583 2006 1667 2071 de
1707 2008 1834 2073 hoc
1874 2011 2187 2092 sentiant,
2227 2017 2293 2071 et
2320 2009 2494 2094 quod
2527 2009 2739 2094 magis

395 2113 772 2178 rationabile
814 2121 939 2195 est,
980 2113 1322 2176 imitemur.

554 2214 834 2295 Quidam
877 2217 1182 2301 Sanctus,
1226 2217 1438 2281 dictus
1480 2216 1807 2300 Alculfus,
1849 2218 1960 2301 qui
2018 2219 2312 2281 visitavit
2352 2217 2738 2280 dominicum

390 2320 800 2405 sepulchrum
843 2329 910 2384 et
951 2321 1145 2405 lenge
1187 2330 1338 2385 ante
1382 2331 1671 2405 tempora
1711 2322 2052 2385 latinorum
2097 2341 2319 2405 regum
2343 2321 2734 2402 Jerusalem,

390 2437 465 2491 ut
499 2427 654 2490 mihi
694 2426 989 2510 videtur,
1025 2429 1096 2490 iu
1139 2425 1506 2490 Jerusalem
1574 2426 1697 2490 fuit
1715 2470 1736 2509 ,
1792 2435 2137 2510 antequam
2196 2435 2346 2510 post
2406 2426 2733 2512 Eraclium

388 2534 840 2615 imperatorem
884 2533 1123 2596 civitas
1177 2540 1405 2595 sancta
1446 2541 1629 2597 esset
1679 2551 1800 2617 per
1862 2532 2261 2596 Sarracenos
2310 2541 2506 2615 capta
2526 2577 2547 2616 ,
2627 2531 2736 2595 hic

390 2637 458 2699 in
499 2653 622 2699 suo
665 2635 885 2700 libello
929 2638 1029 2701 sic
1070 2636 1253 2704 dicit.
1364 2638 1442 2700 Iu
1493 2638 1705 2720 spatio
1770 2636 1979 2701 medio
2040 2636 2353 2702 rotundae
2410 2637 2736 2700 interioris

392 2742 713 2807 ecclesiae
756 2739 1094 2806 rotundum
1131 2743 1363 2804 inest
1341 2761 1411 2804 ιιι
1453 2760 1586 2805 una
1621 2740 1979 2826 eademqne
2022 2750 2211 2825 petra
2273 2740 2566 2807 excisum
2623 2748 2735 2803 tw-

387 2847 666 2930 gurium,
706 2848 772 2910 in
814 2865 944 2930 quo
983 2852 1259 2930 possunt
1303 2846 1600 2911 homines
1651 2854 1831 2910 stare
1871 2855 1941 2911 et
1981 2865 2210 2930 orare,
2251 2853 2319 2908 et
2383 2863 2423 2908 a
2481 2845 2732 2908 vertice

387 2968 582 3014 arcus
623 2969 753 3014 non
793 2952 1015 3015 brevis
1055 2959 1347 3015 staturae
1389 2951 1670 3015 hominis
1711 2970 1922 3035 usque
1962 2951 2045 3016 ad
2081 2950 2255 3015 illius
2297 2947 2730 3014 domunculae

388 3074 711 3120 cameram
760 3064 874 3120 aut
936 3066 1343 3120 arcuaturam
1404 3072 1525 3140 pes
1587 3065 1656 3119 et
1714 3058 1998 3140 semipes
2058 3072 2362 3119 mensura
2415 3056 2490 3116 in
2531 3053 2731 3118 altum

388 3160 770 3225 extenditur.
854 3160 1073 3243 Hujus
1135 3161 1440 3245 tugurioli
1499 3161 1800 3224 introitus
1866 3161 1952 3225 ad
2016 3158 2225 3243 (12⁸
2246 3159 2355 3243 A)
2412 3160 2728 3230 orientem

388 3266 672 3350 respicit,
714 3274 782 3329 et
823 3270 1035 3329 totum
1091 3267 1499 3330 extrinsecus
1556 3266 1764 3331 electo
1829 3285 2145 3331 marmore
2209 3266 2485 3348 tegitur,
2541 3263 2732 3346 cujus

385 3383 707 3435 summum
747 3369 1005 3434 culmen
1037 3388 1195 3434 auro
1238 3378 1534 3435 ornatum
1576 3388 1838 3435 auream
1882 3390 2012 3435 non
2082 3389 2352 3454 parvam
2403 3376 2733 3433 sustentat

385 3492 669 3538 crucem.
750 3476 827 3538 Iu
866 3474 1061 3560 huJus
1102 3476 1347 3558 tugurii
1386 3474 1743 3558 aquilonari
1784 3484 1969 3558 parte
2009 3475 2424 3557 sepulchrum
2466 3472 2727 3537 Domini

384 3580 453 3643 in
493 3578 719 3642 eadem
759 3586 944 3661 petra
985 3579 1279 3642 excisum
1320 3580 1595 3644 habetur
1631 3581 1835 3663 intus,
1883 3578 2002 3644 sed
2033 3580 2472 3663 pavimentum
2514 3577 2730 3640 humi-

384 3682 513 3746 lius
552 3690 655 3746 est
696 3681 840 3746 loco
880 3682 1224 3767 sepulchri.
1280 3684 1432 3748 Hoc
1475 3688 1801 3768 tugurium
1846 3684 2021 3748 nullo
2064 3684 2458 3747 intrinsecus
2499 3688 2727 3745 ornatu

384 3794 628 3850 tectum
666 3797 788 3870 est,
833 3785 952 3851 sed
989 3805 1111 3870 per
1152 3796 1355 3852 totam
1396 3788 1542 3872 ejus
1583 3798 1959 3854 cavaturam
2028 3792 2552 3852 Fet-ramentorum
2612 3804 2724 3848 us-

385 3889 591 3954 tendit
647 3890 947 3974 vestigia,
1018 3892 1254 3977 quibus
1312 3891 1642 3958 dolatores
1701 3894 1768 3956 in
1837 3891 2063 3956 eodem
2119 3896 2219 3952 usi
2287 3900 2440 3952 suut
2508 3908 2720 3972 npetu.

384 3992 584 4059 Color
621 4014 784 4060 vero
824 3995 1000 4060 illius
1056 3995 1478 4082 eiusdemque
1526 4005 1774 4081 petrae,
1817 3996 2207 4061 monumenti
2267 4004 2335 4056 et.
2400 3992 2724 4076 &epulanti

381 4099 509 4166 duo
566 4101 868 4186 permixti
917 4108 1119 4184 sunt,
1174 4102 1415 4167 rubeus
1472 4112 1541 4165 et
1603 4102 1834 4182 albus,
1887 4099 2039 4163 inde
2099 4112 2159 4160 et
2223 4100 2464 4160 biaulm-
2504 4100 2728 4160 eadem

383 4205 744 4283 ostenditur
794 4215 995 4290 petra.
1094 4208 1369 4289 Insuper
1445 4207 1570 4269 hoc
1635 4205 2047 4288 sepulchrum
2139 4208 2492 4284 simplicem
2576 4204 2728 4264 fat-,it

381 4309 620 4374 lecim
641 4319 947 4394 &picem
974 4311 1167 4374 mim
1208 4311 1513 4394 hominio,
1550 4329 1754 4394 nuper
1770 4308 2035 4372 dorsum
2055 4308 2355 4388 juce-mis,
2380 4308 2440 4368 in
2476 4308 2724 4368 niuilffln

382 4414 738 4497 Bpfllunoeo
782 4416 1111 4479 introitum
1163 4415 1410 4480 hubent
1467 4414 1549 4478 ad
1613 4414 1958 4479 australem
2035 4412 2424 4472 muniunt-nii
2481 4420 2724 4492 purtem
