<?xml version="1.0" encoding="UTF-8"?>
<!DOCTYPE html PUBLIC "-//W3C//DTD XHTML 1.0 Transitional//EN"
    "http://www.w3.org/TR/xhtml1/DTD/xhtml1-transitional.dtd">
<html xmlns="http://www.w3.org/1999/xhtml" xml:lang="en" lang="en">
 <head>
  <title>
</title>
<meta http-equiv="Content-Type" content="text/html;charset=utf-8" />
  <meta name='ocr-system' content='tesseract 3.04.00' />
  <meta name='ocr-capabilities' content='ocr_page ocr_carea ocr_par ocr_line ocrx_word'/>
</head>
<body>
  <div class='ocr_page' id='page_1' title='image "./fratrisfelicisf00unkngoog_0466.png"; bbox 0 0 3242 5259; ppageno 0'>
   <div class='ocr_carea' id='block_1_1' title="bbox 721 326 3111 2885">
    <p class='ocr_par' dir='ltr' id='par_1_1' title="bbox 721 326 3111 2885">
     <span class='ocr_line' id='line_1_1' title="bbox 1829 326 1958 388; baseline 0 0"><span class='ocrx_word' id='word_1_1' title='bbox 1829 326 1958 388; x_wconf 73' lang='lat'><strong>444</strong></span> 
     </span>
     <span class='ocr_line' id='line_1_2' title="bbox 732 504 3111 590; baseline -0.001 -17"><span class='ocrx_word' id='word_1_2' title='bbox 732 507 984 573; x_wconf 73' lang='lat' dir='ltr'><strong>seilicet</strong></span> <span class='ocrx_word' id='word_1_3' title='bbox 1026 506 1376 570; x_wconf 83' lang='lat' dir='ltr'><strong>orationem</strong></span> <span class='ocrx_word' id='word_1_4' title='bbox 1420 504 1750 590; x_wconf 71' lang='lat' dir='ltr'><strong>proi-epit:</strong></span> <span class='ocrx_word' id='word_1_5' title='bbox 1796 523 1954 571; x_wconf 71' lang='lat' dir='ltr'><strong>ecoe</strong></span> <span class='ocrx_word' id='word_1_6' title='bbox 1995 505 2272 570; x_wconf 83' lang='lat' dir='ltr'><strong>Domine</strong></span> <span class='ocrx_word' id='word_1_7' title='bbox 2284 505 2491 588; x_wconf 73' lang='lat' dir='ltr'><strong>neus,</strong></span> <span class='ocrx_word' id='word_1_8' title='bbox 2508 504 2719 589; x_wconf 73' lang='lat' dir='ltr'><strong>‘pater</strong></span> <span class='ocrx_word' id='word_1_9' title='bbox 2744 506 3111 585; x_wconf 71' lang='lat' dir='ltr'><strong>coelestis,</strong></span> 
     </span>
     <span class='ocr_line' id='line_1_3' title="bbox 732 608 3111 696; baseline -0.002 -18"><span class='ocrx_word' id='word_1_10' title='bbox 732 614 1002 696; x_wconf 75' lang='lat' dir='ltr'><strong>concepi</strong></span> <span class='ocrx_word' id='word_1_11' title='bbox 1052 613 1457 694; x_wconf 72' lang='lat' dir='ltr'><strong>unigenitum</strong></span> <span class='ocrx_word' id='word_1_12' title='bbox 1512 611 1715 674; x_wconf 79' lang='lat' dir='ltr'><strong>fllium</strong></span> <span class='ocrx_word' id='word_1_13' title='bbox 1759 619 1975 693; x_wconf 88' lang='lat' dir='ltr'><strong>tuum,</strong></span> <span class='ocrx_word' id='word_1_14' title='bbox 2018 620 2087 676; x_wconf 83' lang='lat' dir='ltr'><strong>et</strong></span> <span class='ocrx_word' id='word_1_15' title='bbox 2127 613 2374 693; x_wconf 66' lang='lat' dir='ltr'><strong>neseio,</strong></span> <span class='ocrx_word' id='word_1_16' title='bbox 2417 608 2741 694; x_wconf 75' lang='lat' dir='ltr'><strong>quomodo</strong></span> <span class='ocrx_word' id='word_1_17' title='bbox 2784 610 2855 672; x_wconf 86' lang='lat' dir='ltr'><strong>in</strong></span> <span class='ocrx_word' id='word_1_18' title='bbox 2888 616 3111 673; x_wconf 80' lang='lat' dir='ltr'><strong>&#39;utere</strong></span> 
     </span>
     <span class='ocr_line' id='line_1_4' title="bbox 733 714 3107 800; baseline -0.001 -20"><span class='ocrx_word' id='word_1_19' title='bbox 733 737 876 782; x_wconf 89' lang='lat' dir='ltr'><strong>meo</strong></span> <span class='ocrx_word' id='word_1_20' title='bbox 919 718 1252 800; x_wconf 82' lang='lat' dir='ltr'><strong>apparuit3</strong></span> <span class='ocrx_word' id='word_1_21' title='bbox 1311 717 1642 800; x_wconf 78' lang='lat' dir='ltr'><strong>nunquam</strong></span> <span class='ocrx_word' id='word_1_22' title='bbox 1689 716 1859 779; x_wconf 84' lang='lat' dir='ltr'><strong>euim</strong></span> <span class='ocrx_word' id='word_1_23' title='bbox 1902 733 2027 799; x_wconf 82' lang='lat' dir='ltr'><strong>ego</strong></span> <span class='ocrx_word' id='word_1_24' title='bbox 2068 717 2363 800; x_wconf 87' lang='lat' dir='ltr'><strong>spiritum</strong></span> <span class='ocrx_word' id='word_1_25' title='bbox 2399 718 2475 778; x_wconf 87' lang='lat' dir='ltr'><strong>&#39;et</strong></span> <span class='ocrx_word' id='word_1_26' title='bbox 2516 716 2798 784; x_wconf 77' lang='lat' dir='ltr'><strong>animam</strong></span> <span class='ocrx_word' id='word_1_27' title='bbox 2822 714 3107 778; x_wconf 75' lang='lat' dir='ltr'><strong>donavi</strong></span> 
     </span>
     <span class='ocr_line' id='line_1_5' title="bbox 731 818 3105 906; baseline -0.001 -21"><span class='ocrx_word' id='word_1_28' title='bbox 731 824 814 906; x_wconf 83' lang='lat' dir='ltr'><strong>ei,</strong></span> <span class='ocrx_word' id='word_1_29' title='bbox 877 830 946 885; x_wconf 88' lang='lat' dir='ltr'><strong>et</strong></span> <span class='ocrx_word' id='word_1_30' title='bbox 983 822 1187 884; x_wconf 88' lang='lat' dir='ltr'><strong>vitam</strong></span> <span class='ocrx_word' id='word_1_31' title='bbox 1247 828 1316 883; x_wconf 88' lang='lat' dir='ltr'><strong>et</strong></span> <span class='ocrx_word' id='word_1_32' title='bbox 1377 821 1664 885; x_wconf 86' lang='lat' dir='ltr'><strong>membra</strong></span> <span class='ocrx_word' id='word_1_33' title='bbox 1726 819 1872 902; x_wconf 86' lang='lat' dir='ltr'><strong>ejus</strong></span> <span class='ocrx_word' id='word_1_34' title='bbox 1932 838 2061 883; x_wconf 91' lang='lat' dir='ltr'><strong>non</strong></span> <span class='ocrx_word' id='word_1_35' title='bbox 2106 837 2231 902; x_wconf 84' lang='lat' dir='ltr'><strong>ego</strong></span> <span class='ocrx_word' id='word_1_36' title='bbox 2266 822 2413 903; x_wconf 88' lang='lat' dir='ltr'><strong>ipsa</strong></span> <span class='ocrx_word' id='word_1_37' title='bbox 2452 822 2793 903; x_wconf 67' lang='lat' dir='ltr'><strong>compegi,</strong></span> <span class='ocrx_word' id='word_1_38' title='bbox 2842 818 2985 883; x_wconf 76' lang='lat' dir='ltr'><strong>sed</strong></span> <span class='ocrx_word' id='word_1_39' title='bbox 3028 826 3105 882; x_wconf 80' lang='lat' dir='ltr'><strong>tu</strong></span> 
     </span>
     <span class='ocr_line' id='line_1_6' title="bbox 729 923 3101 1007; baseline -0.002 -17"><span class='ocrx_word' id='word_1_40' title='bbox 729 925 951 990; x_wconf 81' lang='lat' dir='ltr'><strong>mundi</strong></span> <span class='ocrx_word' id='word_1_41' title='bbox 1016 934 1269 988; x_wconf 77' lang='lat' dir='ltr'><strong>creator</strong></span> <span class='ocrx_word' id='word_1_42' title='bbox 1326 926 1615 991; x_wconf 77' lang='lat' dir='ltr'><strong>formans</strong></span> <span class='ocrx_word' id='word_1_43' title='bbox 1661 923 1940 993; x_wconf 81' lang='lat' dir='ltr'><strong>hominis</strong></span> <span class='ocrx_word' id='word_1_44' title='bbox 1982 925 2408 991; x_wconf 68' lang='lat' dir='ltr'><strong>nativitatem</strong></span> <span class='ocrx_word' id='word_1_45' title='bbox 2400 969 2424 1007; x_wconf 90' lang='lat'><strong>,</strong></span> <span class='ocrx_word' id='word_1_46' title='bbox 2496 933 2577 986; x_wconf 89' lang='lat' dir='ltr'><strong>et.</strong></span> <span class='ocrx_word' id='word_1_47' title='bbox 2617 924 2729 1006; x_wconf 80' lang='lat' dir='ltr'><strong>qui</strong></span> <span class='ocrx_word' id='word_1_48' title='bbox 2790 924 3101 987; x_wconf 81' lang='lat' dir='ltr'><strong>omnium</strong></span> 
     </span>
     <span class='ocr_line' id='line_1_7' title="bbox 721 1023 3097 1113; baseline -0.001 -20"><span class='ocrx_word' id='word_1_49' title='bbox 721 1030 1068 1093; x_wconf 74' lang='lat' dir='ltr'><strong>invenisti</strong></span> <span class='ocrx_word' id='word_1_50' title='bbox 1057 1030 1432 1113; x_wconf 64' lang='lat' dir='ltr'><strong>osigia-em,</strong></span> <span class='ocrx_word' id='word_1_51' title='bbox 1487 1031 1652 1094; x_wconf 79' lang='lat' dir='ltr'><strong>baec</strong></span> <span class='ocrx_word' id='word_1_52' title='bbox 1693 1030 1842 1092; x_wconf 89' lang='lat' dir='ltr'><strong>sine</strong></span> <span class='ocrx_word' id='word_1_53' title='bbox 1884 1031 2138 1093; x_wconf 81' lang='lat' dir='ltr'><strong>actione</strong></span> <span class='ocrx_word' id='word_1_54' title='bbox 2180 1048 2327 1093; x_wconf 88' lang='lat' dir='ltr'><strong>mea</strong></span> <span class='ocrx_word' id='word_1_55' title='bbox 2368 1023 2673 1112; x_wconf 82' lang='lat' dir='ltr'><strong>operatus</strong></span> <span class='ocrx_word' id='word_1_56' title='bbox 2716 1046 2797 1091; x_wconf 79' lang='lat' dir='ltr'><strong>es</strong></span> <span class='ocrx_word' id='word_1_57' title='bbox 2838 1029 2918 1088; x_wconf 88' lang='lat' dir='ltr'><strong>in</strong></span> <span class='ocrx_word' id='word_1_58' title='bbox 2968 1047 3097 1090; x_wconf 83' lang='lat' dir='ltr'><strong>me.</strong></span> 
     </span>
     <span class='ocr_line' id='line_1_8' title="bbox 727 1132 3101 1225; baseline -0.002 -27"><span class='ocrx_word' id='word_1_59' title='bbox 727 1133 865 1198; x_wconf 84' lang='lat' dir='ltr'><strong>Sed</strong></span> <span class='ocrx_word' id='word_1_60' title='bbox 909 1144 977 1197; x_wconf 84' lang='lat' dir='ltr'><strong>et</strong></span> <span class='ocrx_word' id='word_1_61' title='bbox 1019 1134 1264 1201; x_wconf 85' lang='lat' dir='ltr'><strong>exitum</strong></span> <span class='ocrx_word' id='word_1_62' title='bbox 1315 1132 1431 1201; x_wconf 80' lang='lat' dir='ltr'><strong>filii</strong></span> <span class='ocrx_word' id='word_1_63' title='bbox 1492 1136 1588 1197; x_wconf 90' lang='lat' dir='ltr'><strong>tui</strong></span> <span class='ocrx_word' id='word_1_64' title='bbox 1645 1132 1730 1199; x_wconf 86' lang='lat' dir='ltr'><strong>de</strong></span> <span class='ocrx_word' id='word_1_65' title='bbox 1788 1152 1893 1195; x_wconf 87' lang='lat' dir='ltr'><strong>me</strong></span> <span class='ocrx_word' id='word_1_66' title='bbox 1922 1134 2204 1225; x_wconf 46' lang='lat' dir='ltr'><strong>ignore,</strong></span> <span class='ocrx_word' id='word_1_67' title='bbox 2306 1134 2542 1196; x_wconf 82' lang='lat' dir='ltr'><strong>Totum</strong></span> <span class='ocrx_word' id='word_1_68' title='bbox 2594 1149 2754 1217; x_wconf 84' lang='lat' dir='ltr'><strong>ergo</strong></span> <span class='ocrx_word' id='word_1_69' title='bbox 2790 1133 3101 1194; x_wconf 81' lang='lat' dir='ltr'><strong>Domine</strong></span> 
     </span>
     <span class='ocr_line' id='line_1_9' title="bbox 726 1214 3100 1321; baseline -0.003 -18"><span class='ocrx_word' id='word_1_70' title='bbox 726 1238 910 1303; x_wconf 82' lang='lat' dir='ltr'><strong>Deus</strong></span> <span class='ocrx_word' id='word_1_71' title='bbox 968 1238 1081 1301; x_wconf 89' lang='lat' dir='ltr'><strong>tibi</strong></span> <span class='ocrx_word' id='word_1_72' title='bbox 1140 1239 1490 1321; x_wconf 77' lang='lat' dir='ltr'><strong>committo,</strong></span> <span class='ocrx_word' id='word_1_73' title='bbox 1551 1214 1669 1302; x_wconf 60' lang='lat' dir='ltr'><strong>flat*</strong></span> <span class='ocrx_word' id='word_1_74' title='bbox 1704 1232 2009 1302; x_wconf 67' lang='lat' dir='ltr'><strong>voluntas</strong></span> <span class='ocrx_word' id='word_1_75' title='bbox 2052 1246 2181 1301; x_wconf 88' lang='lat' dir='ltr'><strong>tua.</strong></span> <span class='ocrx_word' id='word_1_76' title='bbox 2270 1238 2359 1299; x_wconf 85' lang='lat' dir='ltr'><strong>Et</strong></span> <span class='ocrx_word' id='word_1_77' title='bbox 2398 1237 2524 1300; x_wconf 83' lang='lat' dir='ltr'><strong>hac</strong></span> <span class='ocrx_word' id='word_1_78' title='bbox 2567 1234 2740 1299; x_wconf 79' lang='lat' dir='ltr'><strong>diota</strong></span> <span class='ocrx_word' id='word_1_79' title='bbox 2782 1236 3100 1299; x_wconf 78' lang='lat' dir='ltr'><strong>oratioue</strong></span> 
     </span>
     <span class='ocr_line' id='line_1_10' title="bbox 728 1339 3099 1423; baseline -0.002 -15"><span class='ocrx_word' id='word_1_80' title='bbox 728 1362 888 1408; x_wconf 80' lang='lat' dir='ltr'><strong>eece</strong></span> <span class='ocrx_word' id='word_1_81' title='bbox 943 1340 1148 1406; x_wconf 82' lang='lat' dir='ltr'><strong>nubes</strong></span> <span class='ocrx_word' id='word_1_82' title='bbox 1226 1340 1458 1405; x_wconf 77' lang='lat' dir='ltr'><strong>lucida</strong></span> <span class='ocrx_word' id='word_1_83' title='bbox 1515 1342 1968 1406; x_wconf 77' lang='lat' dir='ltr'><strong>obumbravit</strong></span> <span class='ocrx_word' id='word_1_84' title='bbox 1994 1360 2137 1405; x_wconf 89' lang='lat' dir='ltr'><strong>eam</strong></span> <span class='ocrx_word' id='word_1_85' title='bbox 2158 1385 2179 1422; x_wconf 93' lang='lat'><strong>,</strong></span> <span class='ocrx_word' id='word_1_86' title='bbox 2237 1342 2366 1423; x_wconf 82' lang='lat' dir='ltr'><strong>ita,</strong></span> <span class='ocrx_word' id='word_1_87' title='bbox 2426 1339 2599 1422; x_wconf 84' lang='lat' dir='ltr'><strong>quod</strong></span> <span class='ocrx_word' id='word_1_88' title='bbox 2662 1339 2911 1403; x_wconf 83' lang='lat' dir='ltr'><strong>videri·</strong></span> <span class='ocrx_word' id='word_1_89' title='bbox 2940 1360 3099 1404; x_wconf 80' lang='lat' dir='ltr'><strong>nou</strong></span> 
     </span>
     <span class='ocr_line' id='line_1_11' title="bbox 728 1442 3101 1533; baseline -0.003 -21"><span class='ocrx_word' id='word_1_90' title='bbox 728 1457 1000 1533; x_wconf 86' lang='lat' dir='ltr'><strong>poterat,</strong></span> <span class='ocrx_word' id='word_1_91' title='bbox 1044 1456 1109 1509; x_wconf 93' lang='lat' dir='ltr'><strong>et</strong></span> <span class='ocrx_word' id='word_1_92' title='bbox 1152 1442 1377 1526; x_wconf 71' lang='lat' dir='ltr'><strong>(wo</strong></span> <span class='ocrx_word' id='word_1_93' title='bbox 1421 1445 1533 1528; x_wconf 70' lang='lat' dir='ltr'><strong>A)</strong></span> <span class='ocrx_word' id='word_1_94' title='bbox 1587 1444 1673 1508; x_wconf 83' lang='lat' dir='ltr'><strong>ad</strong></span> <span class='ocrx_word' id='word_1_95' title='bbox 1714 1444 2241 1510; x_wconf 82' lang='lat' dir='ltr'><strong>sublimissimum</strong></span> <span class='ocrx_word' id='word_1_96' title='bbox 2282 1443 2552 1531; x_wconf 80' lang='lat' dir='ltr'><strong>gradum</strong></span> <span class='ocrx_word' id='word_1_97' title='bbox 2597 1443 2867 1511; x_wconf 78' lang='lat' dir='ltr'><strong>divinae</strong></span> <span class='ocrx_word' id='word_1_98' title='bbox 2924 1463 3101 1507; x_wconf 74' lang='lat' dir='ltr'><strong>eon-</strong></span> 
     </span>
     <span class='ocr_line' id='line_1_12' title="bbox 727 1548 3099 1637; baseline -0.003 -20"><span class='ocrx_word' id='word_1_99' title='bbox 727 1552 1162 1637; x_wconf 87' lang='lat' dir='ltr'><strong>templationis</strong></span> <span class='ocrx_word' id='word_1_100' title='bbox 1207 1554 1395 1634; x_wconf 80' lang='lat' dir='ltr'><strong>rapta</strong></span> <span class='ocrx_word' id='word_1_101' title='bbox 1431 1549 1908 1633; x_wconf 76' lang='lat' dir='ltr'><strong>jocundissime</strong></span> <span class='ocrx_word' id='word_1_102' title='bbox 1950 1548 2410 1613; x_wconf 83' lang='lat' dir='ltr'><strong>delectabatur.</strong></span> <span class='ocrx_word' id='word_1_103' title='bbox 2495 1550 2570 1611; x_wconf 88' lang='lat' dir='ltr'><strong>ln</strong></span> <span class='ocrx_word' id='word_1_104' title='bbox 2614 1567 2746 1633; x_wconf 81' lang='lat' dir='ltr'><strong>qua</strong></span> <span class='ocrx_word' id='word_1_105' title='bbox 2784 1548 3099 1612; x_wconf 71' lang='lat' dir='ltr'><strong>delecta-</strong></span> 
     </span>
     <span class='ocr_line' id='line_1_13' title="bbox 729 1632 3097 1737; baseline -0 -19"><span class='ocrx_word' id='word_1_106' title='bbox 729 1657 906 1720; x_wconf 92' lang='lat' dir='ltr'><strong>tione</strong></span> <span class='ocrx_word' id='word_1_107' title='bbox 950 1658 1146 1719; x_wconf 84' lang='lat' dir='ltr'><strong>enixa</strong></span> <span class='ocrx_word' id='word_1_108' title='bbox 1193 1663 1299 1719; x_wconf 84' lang='lat' dir='ltr'><strong>est</strong></span> <span class='ocrx_word' id='word_1_109' title='bbox 1343 1632 1544 1719; x_wconf 77' lang='lat' dir='ltr'><strong>fllium</strong></span> <span class='ocrx_word' id='word_1_110' title='bbox 1591 1655 1741 1736; x_wconf 88' lang='lat' dir='ltr'><strong>Dei,</strong></span> <span class='ocrx_word' id='word_1_111' title='bbox 1784 1672 1915 1719; x_wconf 83' lang='lat' dir='ltr'><strong>non</strong></span> <span class='ocrx_word' id='word_1_112' title='bbox 1954 1652 2164 1718; x_wconf 86' lang='lat' dir='ltr'><strong>solum</strong></span> <span class='ocrx_word' id='word_1_113' title='bbox 2205 1654 2351 1717; x_wconf 87' lang='lat' dir='ltr'><strong>sine</strong></span> <span class='ocrx_word' id='word_1_114' title='bbox 2390 1671 2591 1718; x_wconf 89' lang='lat' dir='ltr'><strong>sensu</strong></span> <span class='ocrx_word' id='word_1_115' title='bbox 2635 1652 2925 1737; x_wconf 74' lang='lat' dir='ltr'><strong>doloris,</strong></span> <span class='ocrx_word' id='word_1_116' title='bbox 2967 1653 3097 1717; x_wconf 79' lang='lat' dir='ltr'><strong>sed</strong></span> 
     </span>
     <span class='ocr_line' id='line_1_14' title="bbox 728 1757 3097 1841; baseline -0.001 -18"><span class='ocrx_word' id='word_1_117' title='bbox 728 1778 875 1823; x_wconf 88' lang='lat' dir='ltr'><strong>eum</strong></span> <span class='ocrx_word' id='word_1_118' title='bbox 934 1778 1134 1823; x_wconf 85' lang='lat' dir='ltr'><strong>sensu</strong></span> <span class='ocrx_word' id='word_1_119' title='bbox 1198 1760 1523 1823; x_wconf 83' lang='lat' dir='ltr'><strong>maximae</strong></span> <span class='ocrx_word' id='word_1_120' title='bbox 1569 1757 1967 1840; x_wconf 79' lang='lat' dir='ltr'><strong>dulcedinis,</strong></span> <span class='ocrx_word' id='word_1_121' title='bbox 2030 1767 2103 1821; x_wconf 92' lang='lat' dir='ltr'><strong>ut</strong></span> <span class='ocrx_word' id='word_1_122' title='bbox 2168 1757 2542 1841; x_wconf 88' lang='lat' dir='ltr'><strong>impleretur</strong></span> <span class='ocrx_word' id='word_1_123' title='bbox 2611 1757 2772 1821; x_wconf 78' lang='lat' dir='ltr'><strong>illud</strong></span> <span class='ocrx_word' id='word_1_124' title='bbox 2834 1759 3097 1821; x_wconf 72' lang='lat' dir='ltr'><strong>Esaiae</strong></span> 
     </span>
     <span class='ocr_line' id='line_1_15' title="bbox 728 1862 3093 1947; baseline 0.001 -20"><span class='ocrx_word' id='word_1_125' title='bbox 728 1863 988 1929; x_wconf 81' lang='lat' dir='ltr'><strong>ultimo:</strong></span> <span class='ocrx_word' id='word_1_126' title='bbox 1034 1872 1376 1946; x_wconf 80' lang='lat' dir='ltr'><strong>antequam</strong></span> <span class='ocrx_word' id='word_1_127' title='bbox 1425 1864 1795 1947; x_wconf 80' lang='lat' dir='ltr'><strong>parturiret,</strong></span> <span class='ocrx_word' id='word_1_128' title='bbox 1844 1863 2116 1947; x_wconf 78' lang='lat' dir='ltr'><strong>peperit.</strong></span> <span class='ocrx_word' id='word_1_129' title='bbox 2204 1863 2290 1925; x_wconf 76' lang='lat' dir='ltr'><strong>Et</strong></span> <span class='ocrx_word' id='word_1_130' title='bbox 2325 1864 2496 1926; x_wconf 83' lang='lat' dir='ltr'><strong>siout</strong></span> <span class='ocrx_word' id='word_1_131' title='bbox 2538 1862 2710 1926; x_wconf 77' lang='lat' dir='ltr'><strong>canit</strong></span> <span class='ocrx_word' id='word_1_132' title='bbox 2750 1862 3093 1929; x_wconf 55' lang='lat' dir='ltr'><strong>ecelesia</strong></span> 
     </span>
     <span class='ocr_line' id='line_1_16' title="bbox 730 1965 3095 2050; baseline 0.001 -21"><span class='ocrx_word' id='word_1_133' title='bbox 730 1966 919 2029; x_wconf 81' lang='lat' dir='ltr'><strong>Siout</strong></span> <span class='ocrx_word' id='word_1_134' title='bbox 972 1965 1158 2030; x_wconf 81' lang='lat' dir='ltr'><strong>sidus</strong></span> <span class='ocrx_word' id='word_1_135' title='bbox 1228 1965 1473 2028; x_wconf 84' lang='lat' dir='ltr'><strong>radium</strong></span> <span class='ocrx_word' id='word_1_136' title='bbox 1528 1968 1773 2049; x_wconf 71' lang='lat' dir='ltr'><strong>perfert</strong></span> <span class='ocrx_word' id='word_1_137' title='bbox 1833 1969 2041 2050; x_wconf 80' lang='lat' dir='ltr'><strong>Virgo</strong></span> <span class='ocrx_word' id='word_1_138' title='bbox 2082 1966 2319 2048; x_wconf 84' lang='lat' dir='ltr'><strong>fllium,</strong></span> <span class='ocrx_word' id='word_1_139' title='bbox 2400 1967 2548 2050; x_wconf 87' lang='lat' dir='ltr'><strong>pari</strong></span> <span class='ocrx_word' id='word_1_140' title='bbox 2589 1967 2837 2050; x_wconf 80' lang='lat' dir='ltr'><strong>forma,</strong></span> <span class='ocrx_word' id='word_1_141' title='bbox 2879 1987 3095 2031; x_wconf 83' lang='lat' dir='ltr'><strong>num-</strong></span> 
     </span>
     <span class='ocr_line' id='line_1_17' title="bbox 729 2068 3089 2155; baseline 0.001 -22"><span class='ocrx_word' id='word_1_142' title='bbox 729 2087 927 2154; x_wconf 83' lang='lat' dir='ltr'><strong>quam</strong></span> <span class='ocrx_word' id='word_1_143' title='bbox 947 2068 1157 2133; x_wconf 82' lang='lat' dir='ltr'><strong>&#39;sidus</strong></span> <span class='ocrx_word' id='word_1_144' title='bbox 1203 2071 1403 2155; x_wconf 83' lang='lat' dir='ltr'><strong>radio,</strong></span> <span class='ocrx_word' id='word_1_145' title='bbox 1445 2088 1661 2155; x_wconf 73' lang='lat' dir='ltr'><strong>neque</strong></span> <span class='ocrx_word' id='word_1_146' title='bbox 1701 2080 1908 2136; x_wconf 81' lang='lat' dir='ltr'><strong>mater</strong></span> <span class='ocrx_word' id='word_1_147' title='bbox 1946 2071 2079 2137; x_wconf 83' lang='lat' dir='ltr'><strong>fflio</strong></span> <span class='ocrx_word' id='word_1_148' title='bbox 2122 2071 2198 2134; x_wconf 83' lang='lat' dir='ltr'><strong>fit</strong></span> <span class='ocrx_word' id='word_1_149' title='bbox 2237 2081 2556 2155; x_wconf 73' lang='lat' dir='ltr'><strong>corrupta.</strong></span> <span class='ocrx_word' id='word_1_150' title='bbox 2638 2072 2814 2135; x_wconf 87' lang='lat' dir='ltr'><strong>Puer</strong></span> <span class='ocrx_word' id='word_1_151' title='bbox 2854 2081 3089 2137; x_wconf 79' lang='lat' dir='ltr'><strong>autem</strong></span> 
     </span>
     <span class='ocr_line' id='line_1_18' title="bbox 731 2174 3089 2260; baseline -0 -20"><span class='ocrx_word' id='word_1_152' title='bbox 731 2195 818 2240; x_wconf 83' lang='lat' dir='ltr'><strong>ex</strong></span> <span class='ocrx_word' id='word_1_153' title='bbox 857 2174 1162 2260; x_wconf 80' lang='lat' dir='ltr'><strong>virginali</strong></span> <span class='ocrx_word' id='word_1_154' title='bbox 1205 2186 1387 2240; x_wconf 88' lang='lat' dir='ltr'><strong>utero</strong></span> <span class='ocrx_word' id='word_1_155' title='bbox 1421 2176 1784 2260; x_wconf 77' lang='lat' dir='ltr'><strong>procedens</strong></span> <span class='ocrx_word' id='word_1_156' title='bbox 1826 2175 2041 2239; x_wconf 84' lang='lat' dir='ltr'><strong>nudus</strong></span> <span class='ocrx_word' id='word_1_157' title='bbox 2084 2178 2153 2238; x_wconf 92' lang='lat' dir='ltr'><strong>in</strong></span> <span class='ocrx_word' id='word_1_158' title='bbox 2195 2184 2430 2238; x_wconf 87' lang='lat' dir='ltr'><strong>terram</strong></span> <span class='ocrx_word' id='word_1_159' title='bbox 2472 2174 2731 2258; x_wconf 72' lang='lat' dir='ltr'><strong>decidit,</strong></span> <span class='ocrx_word' id='word_1_160' title='bbox 2772 2184 2848 2240; x_wconf 88' lang='lat' dir='ltr'><strong>et</strong></span> <span class='ocrx_word' id='word_1_161' title='bbox 2891 2194 3089 2239; x_wconf 76' lang='lat' dir='ltr'><strong>oom-</strong></span> 
     </span>
     <span class='ocr_line' id='line_1_19' title="bbox 730 2280 3083 2366; baseline 0 -23"><span class='ocrx_word' id='word_1_162' title='bbox 730 2296 989 2343; x_wconf 87' lang='lat' dir='ltr'><strong>munem</strong></span> <span class='ocrx_word' id='word_1_163' title='bbox 1052 2299 1266 2344; x_wconf 85' lang='lat' dir='ltr'><strong>aerem</strong></span> <span class='ocrx_word' id='word_1_164' title='bbox 1330 2282 1581 2366; x_wconf 82' lang='lat' dir='ltr'><strong>aecepit</strong></span> <span class='ocrx_word' id='word_1_165' title='bbox 1600 2324 1623 2366; x_wconf 90' lang='lat'><strong>,</strong></span> <span class='ocrx_word' id='word_1_166' title='bbox 1701 2289 1767 2344; x_wconf 91' lang='lat' dir='ltr'><strong>et</strong></span> <span class='ocrx_word' id='word_1_167' title='bbox 1836 2281 2106 2363; x_wconf 87' lang='lat' dir='ltr'><strong>primam</strong></span> <span class='ocrx_word' id='word_1_168' title='bbox 2169 2297 2401 2342; x_wconf 76' lang='lat' dir='ltr'><strong>vocem</strong></span> <span class='ocrx_word' id='word_1_169' title='bbox 2472 2280 2719 2364; x_wconf 78' lang='lat' dir='ltr'><strong>emisit,</strong></span> <span class='ocrx_word' id='word_1_170' title='bbox 2783 2280 3083 2362; x_wconf 78' lang='lat' dir='ltr'><strong>plorans,</strong></span> 
     </span>
     <span class='ocr_line' id='line_1_20' title="bbox 733 2382 3086 2470; baseline 0.001 -24"><span class='ocrx_word' id='word_1_171' title='bbox 733 2382 889 2467; x_wconf 79' lang='lat' dir='ltr'><strong>Sap.</strong></span> <span class='ocrx_word' id='word_1_172' title='bbox 932 2383 1002 2447; x_wconf 78' lang='grc'><strong>7.·</strong></span> <span class='ocrx_word' id='word_1_173' title='bbox 1079 2384 1270 2450; x_wconf 81' lang='lat' dir='ltr'><strong>Unde</strong></span> <span class='ocrx_word' id='word_1_174' title='bbox 1307 2386 1708 2470; x_wconf 81' lang='lat' dir='ltr'><strong>Jerouymus</strong></span> <span class='ocrx_word' id='word_1_175' title='bbox 1742 2383 1826 2447; x_wconf 79' lang='lat' dir='ltr'><strong>ad</strong></span> <span class='ocrx_word' id='word_1_176' title='bbox 1858 2383 2280 2447; x_wconf 83' lang='lat' dir='ltr'><strong>Eustachium</strong></span> <span class='ocrx_word' id='word_1_177' title='bbox 2328 2383 2411 2447; x_wconf 88' lang='lat' dir='ltr'><strong>de</strong></span> <span class='ocrx_word' id='word_1_178' title='bbox 2450 2385 2826 2468; x_wconf 73' lang='lat' dir='ltr'><strong>virginitate</strong></span> <span class='ocrx_word' id='word_1_179' title='bbox 2866 2386 3086 2449; x_wconf 76' lang='lat' dir='ltr'><strong>suad-</strong></span> 
     </span>
     <span class='ocr_line' id='line_1_21' title="bbox 734 2486 3086 2555; baseline 0.001 -4"><span class='ocrx_word' id='word_1_180' title='bbox 734 2486 938 2551; x_wconf 80' lang='lat' dir='ltr'><strong>enda:</strong></span> <span class='ocrx_word' id='word_1_181' title='bbox 1020 2486 1325 2555; x_wconf 87' lang='lat' dir='ltr'><strong>Christus</strong></span> <span class='ocrx_word' id='word_1_182' title='bbox 1364 2491 1568 2555; x_wconf 82' lang='lat' dir='ltr'><strong>Jesus</strong></span> <span class='ocrx_word' id='word_1_183' title='bbox 1620 2506 1858 2552; x_wconf 91' lang='lat' dir='ltr'><strong>novem</strong></span> <span class='ocrx_word' id='word_1_184' title='bbox 1913 2489 2247 2552; x_wconf 88' lang='lat' dir='ltr'><strong>mensibus</strong></span> <span class='ocrx_word' id='word_1_185' title='bbox 2300 2491 2369 2552; x_wconf 87' lang='lat' dir='ltr'><strong>in</strong></span> <span class='ocrx_word' id='word_1_186' title='bbox 2410 2497 2598 2555; x_wconf 83' lang='lat' dir='ltr'><strong>utero</strong></span> <span class='ocrx_word' id='word_1_187' title='bbox 2638 2499 2711 2552; x_wconf 93' lang='lat' dir='ltr'><strong>ut</strong></span> <span class='ocrx_word' id='word_1_188' title='bbox 2762 2501 3086 2554; x_wconf 69' lang='lat' dir='ltr'><strong>uase-tur</strong></span> 
     </span>
     <span class='ocr_line' id='line_1_22' title="bbox 733 2593 3079 2677; baseline 0.003 -24"><span class='ocrx_word' id='word_1_189' title='bbox 733 2599 1096 2676; x_wconf 54' lang='lat' dir='ltr'><strong>erectat,</strong></span> <span class='ocrx_word' id='word_1_190' title='bbox 1141 2594 1401 2660; x_wconf 84' lang='lat' dir='ltr'><strong>fastidio</strong></span> <span class='ocrx_word' id='word_1_191' title='bbox 1445 2595 1752 2677; x_wconf 87' lang='lat' dir='ltr'><strong>sustinet,</strong></span> <span class='ocrx_word' id='word_1_192' title='bbox 1789 2601 2168 2656; x_wconf 81' lang='lat' dir='ltr'><strong>cruentatus</strong></span> <span class='ocrx_word' id='word_1_193' title='bbox 2210 2593 2556 2677; x_wconf 79' lang='lat' dir='ltr'><strong>egreditur.</strong></span> <span class='ocrx_word' id='word_1_194' title='bbox 2651 2594 2800 2657; x_wconf 83' lang='lat' dir='ltr'><strong>Neo</strong></span> <span class='ocrx_word' id='word_1_195' title='bbox 2840 2615 3079 2660; x_wconf 83' lang='lat' dir='ltr'><strong>verum</strong></span> 
     </span>
     <span class='ocr_line' id='line_1_23' title="bbox 733 2695 3081 2783; baseline 0.003 -24"><span class='ocrx_word' id='word_1_196' title='bbox 733 2695 1037 2779; x_wconf 78' lang='lat' dir='ltr'><strong>ereditur,</strong></span> <span class='ocrx_word' id='word_1_197' title='bbox 1081 2698 1253 2780; x_wconf 81' lang='lat' dir='ltr'><strong>quod</strong></span> <span class='ocrx_word' id='word_1_198' title='bbox 1273 2701 1340 2762; x_wconf 90' lang='lat' dir='ltr'><strong>iu</strong></span> <span class='ocrx_word' id='word_1_199' title='bbox 1377 2699 1747 2763; x_wconf 74' lang='lat' dir='ltr'><strong>Alohonmo</strong></span> <span class='ocrx_word' id='word_1_200' title='bbox 1768 2697 2124 2763; x_wconf 77' lang='lat' dir='ltr'><strong>Mahometi</strong></span> <span class='ocrx_word' id='word_1_201' title='bbox 2166 2697 2424 2781; x_wconf 83' lang='lat' dir='ltr'><strong>dieitur,</strong></span> <span class='ocrx_word' id='word_1_202' title='bbox 2467 2698 2638 2781; x_wconf 84' lang='lat' dir='ltr'><strong>quod</strong></span> <span class='ocrx_word' id='word_1_203' title='bbox 2675 2718 2840 2783; x_wconf 89' lang='lat' dir='ltr'><strong>puer</strong></span> <span class='ocrx_word' id='word_1_204' title='bbox 2864 2701 3081 2765; x_wconf 81' lang='lat' dir='ltr'><strong>Jesus</strong></span> 
     </span>
     <span class='ocr_line' id='line_1_24' title="bbox 732 2800 3081 2885; baseline 0.003 -22"><span class='ocrx_word' id='word_1_205' title='bbox 732 2800 800 2863; x_wconf 86' lang='lat' dir='ltr'><strong>in</strong></span> <span class='ocrx_word' id='word_1_206' title='bbox 864 2810 1107 2884; x_wconf 80' lang='lat' dir='ltr'><strong>puncto</strong></span> <span class='ocrx_word' id='word_1_207' title='bbox 1164 2804 1529 2866; x_wconf 86' lang='lat' dir='ltr'><strong>nativitatis</strong></span> <span class='ocrx_word' id='word_1_208' title='bbox 1592 2822 1757 2867; x_wconf 79' lang='lat' dir='ltr'><strong>suae</strong></span> <span class='ocrx_word' id='word_1_209' title='bbox 1810 2811 2079 2865; x_wconf 85' lang='lat' dir='ltr'><strong>matrem</strong></span> <span class='ocrx_word' id='word_1_210' title='bbox 2142 2802 2462 2866; x_wconf 79' lang='lat' dir='ltr'><strong>allocutus</strong></span> <span class='ocrx_word' id='word_1_211' title='bbox 2503 2804 2626 2885; x_wconf 90' lang='lat' dir='ltr'><strong>sit,</strong></span> <span class='ocrx_word' id='word_1_212' title='bbox 2681 2813 2752 2867; x_wconf 92' lang='lat' dir='ltr'><strong>ut</strong></span> <span class='ocrx_word' id='word_1_213' title='bbox 2793 2804 3081 2869; x_wconf 86' lang='lat' dir='ltr'><strong>habetur</strong></span> 
     </span>
    </p>
   </div>
   <div class='ocr_carea' id='block_1_2' title="bbox 731 2904 3077 3095">
    <p class='ocr_par' dir='ltr' id='par_1_2' title="bbox 731 2904 3077 3095">
     <span class='ocr_line' id='line_1_25' title="bbox 732 2904 3075 2991; baseline 0.003 -25"><span class='ocrx_word' id='word_1_214' title='bbox 732 2904 875 2967; x_wconf 70' lang='lat' dir='ltr'><strong>Irib.</strong></span> <span class='ocrx_word' id='word_1_215' title='bbox 914 2907 977 2968; x_wconf 75' lang='lat'><strong>2.</strong></span> <span class='ocrx_word' id='word_1_216' title='bbox 1043 2904 1121 2969; x_wconf 83' lang='lat' dir='ltr'><strong>C.</strong></span> <span class='ocrx_word' id='word_1_217' title='bbox 1170 2904 1269 2971; x_wconf 76' lang='lat'><strong>1⁷.</strong></span> <span class='ocrx_word' id='word_1_218' title='bbox 1381 2906 1531 2971; x_wconf 88' lang='lat' dir='ltr'><strong>Nie.</strong></span> <span class='ocrx_word' id='word_1_219' title='bbox 1590 2906 1676 2969; x_wconf 82' lang='lat' dir='ltr'><strong>de</strong></span> <span class='ocrx_word' id='word_1_220' title='bbox 1718 2905 1929 2991; x_wconf 80' lang='lat' dir='ltr'><strong>cusa,</strong></span> <span class='ocrx_word' id='word_1_221' title='bbox 1973 2913 2041 2968; x_wconf 92' lang='lat' dir='ltr'><strong>et</strong></span> <span class='ocrx_word' id='word_1_222' title='bbox 2103 2906 2276 2989; x_wconf 88' lang='lat' dir='ltr'><strong>quod</strong></span> <span class='ocrx_word' id='word_1_223' title='bbox 2332 2908 2524 2970; x_wconf 81' lang='lat' dir='ltr'><strong>amici</strong></span> <span class='ocrx_word' id='word_1_224' title='bbox 2566 2907 2863 2991; x_wconf 83' lang='lat' dir='ltr'><strong>Virginis</strong></span> <span class='ocrx_word' id='word_1_225' title='bbox 2926 2927 3075 2973; x_wconf 71' lang='lat' dir='ltr'><strong>eam</strong></span> 
     </span>
     <span class='ocr_line' id='line_1_26' title="bbox 731 3011 3077 3095; baseline 0.003 -24"><span class='ocrx_word' id='word_1_226' title='bbox 731 3029 851 3091; x_wconf 89' lang='lat' dir='ltr'><strong>pro</strong></span> <span class='ocrx_word' id='word_1_227' title='bbox 905 3020 1131 3093; x_wconf 85' lang='lat' dir='ltr'><strong>stupro</strong></span> <span class='ocrx_word' id='word_1_228' title='bbox 1189 3011 1615 3093; x_wconf 76' lang='lat' dir='ltr'><strong>correxerint,</strong></span> <span class='ocrx_word' id='word_1_229' title='bbox 1673 3029 1869 3095; x_wconf 83' lang='lat' dir='ltr'><strong>quam</strong></span> <span class='ocrx_word' id='word_1_230' title='bbox 1924 3011 2143 3075; x_wconf 82' lang='lat' dir='ltr'><strong>infans</strong></span> <span class='ocrx_word' id='word_1_231' title='bbox 2199 3031 2352 3076; x_wconf 85' lang='lat' dir='ltr'><strong>mox</strong></span> <span class='ocrx_word' id='word_1_232' title='bbox 2411 3012 2791 3076; x_wconf 80' lang='lat' dir='ltr'><strong>clarissimis</strong></span> <span class='ocrx_word' id='word_1_233' title='bbox 2846 3015 3077 3079; x_wconf 85' lang='lat' dir='ltr'><strong>verbis</strong></span> 
     </span>
    </p>
   </div>
   <div class='ocr_carea' id='block_1_3' title="bbox 583 3112 3073 3197">
    <p class='ocr_par' dir='ltr' id='par_1_3' title="bbox 583 3112 3073 3197">
     <span class='ocr_line' id='line_1_27' title="bbox 583 3112 3073 3197; baseline 0.004 -23"><span class='ocrx_word' id='word_1_234' title='bbox 583 3131 593 3140; x_wconf 93' lang='lat'><strong>·</strong></span> <span class='ocrx_word' id='word_1_235' title='bbox 731 3115 1113 3197; x_wconf 81' lang='lat' dir='ltr'><strong>excusavit,</strong></span> <span class='ocrx_word' id='word_1_236' title='bbox 1171 3123 1243 3178; x_wconf 91' lang='lat' dir='ltr'><strong>ut</strong></span> <span class='ocrx_word' id='word_1_237' title='bbox 1317 3116 1513 3179; x_wconf 89' lang='lat' dir='ltr'><strong>habet</strong></span> <span class='ocrx_word' id='word_1_238' title='bbox 1577 3113 1966 3182; x_wconf 71' lang='lat' dir='ltr'><strong>Alcon-anus.</strong></span> <span class='ocrx_word' id='word_1_239' title='bbox 2091 3112 2278 3193; x_wconf 80' lang='lat' dir='ltr'><strong>Quae</strong></span> <span class='ocrx_word' id='word_1_240' title='bbox 2345 3115 2629 3180; x_wconf 76' lang='lat' dir='ltr'><strong>conficta</strong></span> <span class='ocrx_word' id='word_1_241' title='bbox 2715 3119 3073 3185; x_wconf 74' lang='lat' dir='ltr'><strong>mendacia</strong></span> 
     </span>
    </p>
   </div>
   <div class='ocr_carea' id='block_1_4' title="bbox 553 3215 3070 4482">
    <p class='ocr_par' dir='ltr' id='par_1_4' title="bbox 553 3215 3070 4452">
     <span class='ocr_line' id='line_1_28' title="bbox 730 3215 3068 3307; baseline 0.004 -29"><span class='ocrx_word' id='word_1_242' title='bbox 730 3215 1129 3281; x_wconf 81' lang='lat' dir='ltr'><strong>Maebometi</strong></span> <span class='ocrx_word' id='word_1_243' title='bbox 1196 3226 1376 3289; x_wconf 78' lang='lat' dir='ltr'><strong>sunt.</strong></span> <span class='ocrx_word' id='word_1_244' title='bbox 1458 3218 1576 3283; x_wconf 66' lang='lat' dir='ltr'><strong>Ad„</strong></span> <span class='ocrx_word' id='word_1_245' title='bbox 1609 3221 1781 3289; x_wconf 76' lang='lat' dir='ltr'><strong>hane</strong></span> <span class='ocrx_word' id='word_1_246' title='bbox 1836 3221 2022 3303; x_wconf 87' lang='lat' dir='ltr'><strong>pueri</strong></span> <span class='ocrx_word' id='word_1_247' title='bbox 2080 3238 2315 3284; x_wconf 76' lang='lat' dir='ltr'><strong>vocem</strong></span> <span class='ocrx_word' id='word_1_248' title='bbox 2358 3220 2565 3302; x_wconf 80' lang='lat' dir='ltr'><strong>Virgo</strong></span> <span class='ocrx_word' id='word_1_249' title='bbox 2607 3221 2689 3285; x_wconf 81' lang='lat' dir='ltr'><strong>ad</strong></span> <span class='ocrx_word' id='word_1_250' title='bbox 2732 3241 2812 3286; x_wconf 87' lang='lat' dir='ltr'><strong>se</strong></span> <span class='ocrx_word' id='word_1_251' title='bbox 2850 3223 3068 3307; x_wconf 84' lang='lat' dir='ltr'><strong>rediit,</strong></span> 
     </span>
     <span class='ocr_line' id='line_1_29' title="bbox 730 3318 3070 3410; baseline 0.003 -25"><span class='ocrx_word' id='word_1_252' title='bbox 730 3318 1026 3404; x_wconf 86' lang='lat' dir='ltr'><strong>viditque</strong></span> <span class='ocrx_word' id='word_1_253' title='bbox 1086 3321 1398 3389; x_wconf 84' lang='lat' dir='ltr'><strong>infantem</strong></span> <span class='ocrx_word' id='word_1_254' title='bbox 1462 3332 1617 3387; x_wconf 89' lang='lat' dir='ltr'><strong>ante</strong></span> <span class='ocrx_word' id='word_1_255' title='bbox 1679 3341 1758 3386; x_wconf 89' lang='lat' dir='ltr'><strong>se</strong></span> <span class='ocrx_word' id='word_1_256' title='bbox 1814 3325 2216 3407; x_wconf 76' lang='lat' dir='ltr'><strong>vagientem,</strong></span> <span class='ocrx_word' id='word_1_257' title='bbox 2288 3334 2357 3386; x_wconf 86' lang='lat' dir='ltr'><strong>et</strong></span> <span class='ocrx_word' id='word_1_258' title='bbox 2415 3343 2494 3388; x_wconf 89' lang='lat' dir='ltr'><strong>se</strong></span> <span class='ocrx_word' id='word_1_259' title='bbox 2534 3344 2576 3388; x_wconf 90' lang='lat' dir='ltr'><strong>a</strong></span> <span class='ocrx_word' id='word_1_260' title='bbox 2615 3326 3070 3410; x_wconf 81' lang='lat' dir='ltr'><strong>gravidatioue</strong></span> 
     </span>
     <span class='ocr_line' id='line_1_30' title="bbox 730 3424 3070 3513; baseline 0.003 -24"><span class='ocrx_word' id='word_1_261' title='bbox 730 3424 1091 3489; x_wconf 72' lang='lat' dir='ltr'><strong>absolmam</strong></span> <span class='ocrx_word' id='word_1_262' title='bbox 1130 3427 1450 3492; x_wconf 82' lang='lat' dir='ltr'><strong>intellexit</strong></span> <span class='ocrx_word' id='word_1_263' title='bbox 1488 3447 1567 3492; x_wconf 87' lang='lat' dir='ltr'><strong>se</strong></span> <span class='ocrx_word' id='word_1_264' title='bbox 1605 3430 1967 3513; x_wconf 73' lang='lat' dir='ltr'><strong>peperisse,</strong></span> <span class='ocrx_word' id='word_1_265' title='bbox 2028 3439 2091 3492; x_wconf 92' lang='lat' dir='ltr'><strong>et</strong></span> <span class='ocrx_word' id='word_1_266' title='bbox 2134 3431 2280 3492; x_wconf 81' lang='lat' dir='ltr'><strong>sine</strong></span> <span class='ocrx_word' id='word_1_267' title='bbox 2322 3428 2543 3494; x_wconf 87' lang='lat' dir='ltr'><strong>dolore</strong></span> <span class='ocrx_word' id='word_1_268' title='bbox 2599 3439 2666 3492; x_wconf 93' lang='lat' dir='ltr'><strong>et</strong></span> <span class='ocrx_word' id='word_1_269' title='bbox 2705 3431 2854 3493; x_wconf 89' lang='lat' dir='ltr'><strong>siue</strong></span> <span class='ocrx_word' id='word_1_270' title='bbox 2918 3451 3070 3496; x_wconf 81' lang='lat' dir='ltr'><strong>eor-</strong></span> 
     </span>
     <span class='ocr_line' id='line_1_31' title="bbox 733 3531 3067 3618; baseline 0.002 -25"><span class='ocrx_word' id='word_1_271' title='bbox 733 3531 1047 3613; x_wconf 85' lang='lat' dir='ltr'><strong>ruptioue.</strong></span> <span class='ocrx_word' id='word_1_272' title='bbox 1135 3532 1222 3596; x_wconf 72' lang='lat' dir='ltr'><strong>Et</strong></span> <span class='ocrx_word' id='word_1_273' title='bbox 1265 3552 1419 3596; x_wconf 85' lang='lat' dir='ltr'><strong>mox</strong></span> <span class='ocrx_word' id='word_1_274' title='bbox 1457 3534 1705 3615; x_wconf 85' lang='lat' dir='ltr'><strong>ipsum,</strong></span> <span class='ocrx_word' id='word_1_275' title='bbox 1750 3551 1944 3617; x_wconf 83' lang='lat' dir='ltr'><strong>quem</strong></span> <span class='ocrx_word' id='word_1_276' title='bbox 1985 3534 2248 3618; x_wconf 84' lang='lat' dir='ltr'><strong>genuit,</strong></span> <span class='ocrx_word' id='word_1_277' title='bbox 2292 3532 2710 3598; x_wconf 85' lang='lat' dir='ltr'><strong>devotissime</strong></span> <span class='ocrx_word' id='word_1_278' title='bbox 2749 3534 3067 3617; x_wconf 86' lang='lat' dir='ltr'><strong>adoravit,</strong></span> 
     </span>
     <span class='ocr_line' id='line_1_32' title="bbox 731 3632 3069 3722; baseline 0.003 -25"><span class='ocrx_word' id='word_1_279' title='bbox 731 3632 987 3719; x_wconf 74' lang='lat' dir='ltr'><strong>dicens:</strong></span> <span class='ocrx_word' id='word_1_280' title='bbox 1028 3655 1072 3700; x_wconf 87' lang='lat' dir='ltr'><strong>o</strong></span> <span class='ocrx_word' id='word_1_281' title='bbox 1105 3636 1386 3703; x_wconf 76' lang='lat' dir='ltr'><strong>Domine</strong></span> <span class='ocrx_word' id='word_1_282' title='bbox 1423 3637 1516 3701; x_wconf 80' lang='lat' dir='ltr'><strong>mi</strong></span> <span class='ocrx_word' id='word_1_283' title='bbox 1558 3638 1971 3703; x_wconf 84' lang='lat' dir='ltr'><strong>benevenisti</strong></span> <span class='ocrx_word' id='word_1_284' title='bbox 2018 3637 2100 3700; x_wconf 90' lang='lat' dir='ltr'><strong>de</strong></span> <span class='ocrx_word' id='word_1_285' title='bbox 2141 3638 2351 3714; x_wconf 58' lang='lat' dir='ltr'><strong>coelo,</strong></span> <span class='ocrx_word' id='word_1_286' title='bbox 2377 3640 2442 3702; x_wconf 88' lang='lat' dir='ltr'><strong>in</strong></span> <span class='ocrx_word' id='word_1_287' title='bbox 2485 3646 2723 3702; x_wconf 87' lang='lat' dir='ltr'><strong>terram</strong></span> <span class='ocrx_word' id='word_1_288' title='bbox 2765 3658 2885 3722; x_wconf 89' lang='lat' dir='ltr'><strong>pro</strong></span> <span class='ocrx_word' id='word_1_289' title='bbox 2930 3641 3069 3704; x_wconf 84' lang='lat' dir='ltr'><strong>sal-</strong></span> 
     </span>
     <span class='ocr_line' id='line_1_33' title="bbox 729 3737 3063 3826; baseline 0.004 -25"><span class='ocrx_word' id='word_1_290' title='bbox 729 3737 995 3803; x_wconf 84' lang='lat' dir='ltr'><strong>vatione</strong></span> <span class='ocrx_word' id='word_1_291' title='bbox 1034 3741 1378 3806; x_wconf 88' lang='lat' dir='ltr'><strong>hominum.</strong></span> <span class='ocrx_word' id='word_1_292' title='bbox 1464 3744 1566 3805; x_wconf 82' lang='lat' dir='ltr'><strong>Tu</strong></span> <span class='ocrx_word' id='word_1_293' title='bbox 1620 3745 1793 3809; x_wconf 83' lang='lat' dir='ltr'><strong>enim</strong></span> <span class='ocrx_word' id='word_1_294' title='bbox 1836 3761 1929 3806; x_wconf 83' lang='lat' dir='ltr'><strong>es.</strong></span> <span class='ocrx_word' id='word_1_295' title='bbox 1951 3740 2356 3808; x_wconf 77' lang='lat' dir='ltr'><strong>desideratus</strong></span> <span class='ocrx_word' id='word_1_296' title='bbox 2399 3744 2713 3811; x_wconf 85' lang='lat' dir='ltr'><strong>omuibus.</strong></span> <span class='ocrx_word' id='word_1_297' title='bbox 2733 3746 3063 3826; x_wconf 81' lang='lat' dir='ltr'><strong>gentibus.</strong></span> 
     </span>
     <span class='ocr_line' id='line_1_34' title="bbox 728 3836 3066 3932; baseline 0.005 -30"><span class='ocrx_word' id='word_1_298' title='bbox 728 3840 825 3903; x_wconf 77' lang='lat' dir='ltr'><strong>&#39;l&#39;e</strong></span> <span class='ocrx_word' id='word_1_299' title='bbox 866 3836 1061 3907; x_wconf 68' lang='lat' dir='ltr'><strong>adoro</strong></span> <span class='ocrx_word' id='word_1_300' title='bbox 1099 3846 1452 3929; x_wconf 86' lang='lat' dir='ltr'><strong>humiliter,</strong></span> <span class='ocrx_word' id='word_1_301' title='bbox 1496 3846 1652 3929; x_wconf 83' lang='lat' dir='ltr'><strong>quia</strong></span> <span class='ocrx_word' id='word_1_302' title='bbox 1694 3857 1951 3911; x_wconf 78' lang='lat' dir='ltr'><strong>creator</strong></span> <span class='ocrx_word' id='word_1_303' title='bbox 1993 3865 2216 3930; x_wconf 84' lang='lat' dir='ltr'><strong>meus3</strong></span> <span class='ocrx_word' id='word_1_304' title='bbox 2260 3856 2330 3912; x_wconf 89' lang='lat' dir='ltr'><strong>te</strong></span> <span class='ocrx_word' id='word_1_305' title='bbox 2373 3847 2711 3913; x_wconf 70' lang='lat' dir='ltr'><strong>deosculor</strong></span> <span class='ocrx_word' id='word_1_306' title='bbox 2752 3850 3066 3932; x_wconf 76' lang='lat' dir='ltr'><strong>suaviter,</strong></span> 
     </span>
     <span class='ocr_line' id='line_1_35' title="bbox 727 3944 3067 4034; baseline 0.004 -25"><span class='ocrx_word' id='word_1_307' title='bbox 727 3945 884 4028; x_wconf 84' lang='lat' dir='ltr'><strong>quia</strong></span> <span class='ocrx_word' id='word_1_308' title='bbox 936 3944 1109 4011; x_wconf 82' lang='lat' dir='ltr'><strong>filius</strong></span> <span class='ocrx_word' id='word_1_309' title='bbox 1175 3969 1393 4034; x_wconf 83' lang='lat' dir='ltr'><strong>meus3</strong></span> <span class='ocrx_word' id='word_1_310' title='bbox 1468 3954 1537 4013; x_wconf 76' lang='lat' dir='ltr'><strong>e&#39;t</strong></span> <span class='ocrx_word' id='word_1_311' title='bbox 1590 3950 1913 4015; x_wconf 81' lang='lat' dir='ltr'><strong>inclinans</strong></span> <span class='ocrx_word' id='word_1_312' title='bbox 1970 3967 2048 4014; x_wconf 89' lang='lat' dir='ltr'><strong>se</strong></span> <span class='ocrx_word' id='word_1_313' title='bbox 2111 3954 2638 4019; x_wconf 86' lang='lat' dir='ltr'><strong>reverentissima</strong></span> <span class='ocrx_word' id='word_1_314' title='bbox 2697 3953 3067 4019; x_wconf 84' lang='lat' dir='ltr'><strong>humilitate</strong></span> 
     </span>
     <span class='ocr_line' id='line_1_36' title="bbox 725 4048 3067 4145; baseline 0.004 -32"><span class='ocrx_word' id='word_1_315' title='bbox 725 4048 810 4113; x_wconf 80' lang='lat' dir='ltr'><strong>ad</strong></span> <span class='ocrx_word' id='word_1_316' title='bbox 848 4067 1118 4132; x_wconf 76' lang='lat' dir='ltr'><strong>puerum</strong></span> <span class='ocrx_word' id='word_1_317' title='bbox 1158 4053 1657 4120; x_wconf 78' lang='lat' dir='ltr'><strong>deosculabatur</strong></span> <span class='ocrx_word' id='word_1_318' title='bbox 1697 4054 1901 4138; x_wconf 82' lang='lat' dir='ltr'><strong>pedes</strong></span> <span class='ocrx_word' id='word_1_319' title='bbox 1944 4054 2126 4143; x_wconf 81' lang='lat' dir='ltr'><strong>ejus,</strong></span> <span class='ocrx_word' id='word_1_320' title='bbox 2190 4074 2455 4143; x_wconf 83' lang='lat' dir='ltr'><strong>manus,</strong></span> <span class='ocrx_word' id='word_1_321' title='bbox 2498 4066 2690 4139; x_wconf 84' lang='lat' dir='ltr'><strong>eaput</strong></span> <span class='ocrx_word' id='word_1_322' title='bbox 2758 4065 2827 4119; x_wconf 86' lang='lat' dir='ltr'><strong>et</strong></span> <span class='ocrx_word' id='word_1_323' title='bbox 2868 4058 3067 4145; x_wconf 76' lang='lat' dir='ltr'><strong>labia,</strong></span> 
     </span>
     <span class='ocr_line' id='line_1_37' title="bbox 724 4154 3068 4244; baseline 0.005 -29"><span class='ocrx_word' id='word_1_324' title='bbox 724 4160 794 4216; x_wconf 85' lang='lat' dir='ltr'><strong>et</strong></span> <span class='ocrx_word' id='word_1_325' title='bbox 835 4154 1132 4221; x_wconf 80' lang='lat' dir='ltr'><strong>manibus</strong></span> <span class='ocrx_word' id='word_1_326' title='bbox 1173 4159 1314 4222; x_wconf 75' lang='lat' dir='ltr'><strong>suls</strong></span> <span class='ocrx_word' id='word_1_327' title='bbox 1355 4177 1502 4223; x_wconf 88' lang='lat' dir='ltr'><strong>eum</strong></span> <span class='ocrx_word' id='word_1_328' title='bbox 1542 4158 1775 4223; x_wconf 89' lang='lat' dir='ltr'><strong>levans</strong></span> <span class='ocrx_word' id='word_1_329' title='bbox 1819 4156 1903 4223; x_wconf 86' lang='lat' dir='ltr'><strong>de</strong></span> <span class='ocrx_word' id='word_1_330' title='bbox 1943 4168 2117 4224; x_wconf 85' lang='lat' dir='ltr'><strong>terra</strong></span> <span class='ocrx_word' id='word_1_331' title='bbox 2153 4160 2225 4221; x_wconf 91' lang='lat' dir='ltr'><strong>in</strong></span> <span class='ocrx_word' id='word_1_332' title='bbox 2263 4162 2479 4231; x_wconf 86' lang='lat' dir='ltr'><strong>sinum</strong></span> <span class='ocrx_word' id='word_1_333' title='bbox 2518 4162 2760 4244; x_wconf 81' lang='lat' dir='ltr'><strong>posuit,</strong></span> <span class='ocrx_word' id='word_1_334' title='bbox 2813 4162 3068 4227; x_wconf 77' lang='lat' dir='ltr'><strong>infant-</strong></span> 
     </span>
     <span class='ocr_line' id='line_1_38' title="bbox 722 4257 3066 4347; baseline 0.005 -26"><span class='ocrx_word' id='word_1_335' title='bbox 722 4257 916 4322; x_wconf 84' lang='lat' dir='ltr'><strong>ilibus</strong></span> <span class='ocrx_word' id='word_1_336' title='bbox 959 4260 1283 4346; x_wconf 86' lang='lat' dir='ltr'><strong>membris,</strong></span> <span class='ocrx_word' id='word_1_337' title='bbox 1324 4272 1515 4346; x_wconf 87' lang='lat' dir='ltr'><strong>prout</strong></span> <span class='ocrx_word' id='word_1_338' title='bbox 1551 4279 1830 4327; x_wconf 80' lang='lat' dir='ltr'><strong>neeesse</strong></span> <span class='ocrx_word' id='word_1_339' title='bbox 1856 4271 2018 4346; x_wconf 86' lang='lat' dir='ltr'><strong>erat,</strong></span> <span class='ocrx_word' id='word_1_340' title='bbox 2061 4264 2440 4347; x_wconf 86' lang='lat' dir='ltr'><strong>obsequium</strong></span> <span class='ocrx_word' id='word_1_341' title='bbox 2472 4268 2783 4330; x_wconf 86' lang='lat' dir='ltr'><strong>maternis</strong></span> <span class='ocrx_word' id='word_1_342' title='bbox 2821 4265 3066 4332; x_wconf 72' lang='lat' dir='ltr'><strong>officiis</strong></span> 
     </span>
     <span class='ocr_line' id='line_1_39' title="bbox 553 4356 3060 4482; baseline 0.006 -57"><span class='ocrx_word' id='word_1_343' title='bbox 553 4364 558 4369; x_wconf 83' lang='grc'><strong>’</strong></span> <span class='ocrx_word' id='word_1_344' title='bbox 603 4435 608 4440; x_wconf 37' lang='grc'>,</span> <span class='ocrx_word' id='word_1_345' title='bbox 722 4362 1032 4482; x_wconf 79' lang='lat' dir='ltr'><strong>exhibuit,</strong></span> <span class='ocrx_word' id='word_1_346' title='bbox 1076 4371 1145 4428; x_wconf 85' lang='lat' dir='ltr'><strong>et</strong></span> <span class='ocrx_word' id='word_1_347' title='bbox 1188 4364 1445 4431; x_wconf 75' lang='lat' dir='ltr'><strong>deumm</strong></span> <span class='ocrx_word' id='word_1_348' title='bbox 1485 4366 1722 4452; x_wconf 83' lang='lat' dir='ltr'><strong>pannis</strong></span> <span class='ocrx_word' id='word_1_349' title='bbox 1765 4386 1910 4435; x_wconf 76' lang='lat' dir='ltr'><strong>oum</strong></span> <span class='ocrx_word' id='word_1_350' title='bbox 1943 4368 2238 4452; x_wconf 80' lang='lat' dir='ltr'><strong>involvit,</strong></span> <span class='ocrx_word' id='word_1_351' title='bbox 2282 4379 2347 4435; x_wconf 80' lang='lat' dir='ltr'><strong>et</strong></span> <span class='ocrx_word' id='word_1_352' title='bbox 2371 4356 2651 4441; x_wconf 74' lang='lat' dir='ltr'><strong>caetera.</strong></span> <span class='ocrx_word' id='word_1_353' title='bbox 2736 4371 3060 4439; x_wconf 63' lang='lat' dir='ltr'><strong>Lucaez.</strong></span> 
     </span>
    </p>
   </div>
  </div>
 </body>
</html>
