3242 5259
545 403 629 469 ad
668 419 865 487 quen
906 406 1049 467 erat
1088 397 1329 467 multus
1370 408 1731 469 m
1773 406 1902 489 pre
1952 380 2374 479 indulgentiis
2430 404 2502 459 et.
2551 396 2888 483 processio

543 506 880 574 sollemnis
921 504 1441 587 fraternitatum,
1462 520 1631 587 quas
1673 496 1908 567 Scolas
1941 504 2292 565 nominant.
2333 500 2482 579 (B)

725 610 996 676 Decima
1017 612 1191 673 non'a
1210 606 1317 671 die
1338 588 1796 697 naviga'vimus
1836 605 1919 669 ad
1943 605 2310 691 ecclesiam,
2332 624 2526 692 quam
2563 609 2901 672 nominant

546 718 629 785 ad
674 717 746 781 S.
790 710 1071 780 Mariam
1113 712 1197 777 de
1236 713 1709 796 Misericordia,
1765 729 1940 807 quae
2007 722 2110 776 est
2171 712 2603 797 pulcherrima
2619 758 2643 798 ,
2709 712 2901 778 ditior

545 833 614 888 et
652 822 976 906 antiquior
1014 810 1299 899 ecclesi'a
1335 820 1406 884 ln
1428 820 1636 903 ·,urbe
1679 818 1896 900 ibique
1928 815 2161 880 Officio
2205 816 2425 881 divino
2465 819 2898 904 Inter-fuimus,

544 938 610 993 et
652 936 947 995 ornatum
986 927 1056 989 in
1097 925 1367 1008 picturis
1410 933 1476 987 et
1511 922 1866 1007 sculpturis
1921 921 2132 984 mirati
2198 923 2624 986 sumus.1n
2685 923 2901 988 mditu

541 1032 626 1099 ad
666 1033 1014 1115 hospitium
1055 1034 1356 1094 venimus
1397 1028 1481 1094 ad
1521 1028 1760 1093 multas
1802 1026 1966 1090 alias
2008 1026 2348 1112 ecclesias,
2386 1028 2455 1089 in
2509 1027 2748 1111 quibus
2786 1030 2901 1093 in-

542 1138 911 1222 dulgentias
952 1134 1348 1220 accepimus,
1391 1150 1663 1220 quarum
1706 1133 2130 1215 ecclesiarum
2187 1134 2450 1199 nomina
2503 1133 2753 1199 taeduit
2791 1152 2900 1199 me

536 1245 853 1312 scribere.

707 1347 1044 1412 vicesima
1106 1344 1212 1409 die
1233 1390 1255 1430 ,
1344 1344 1519 1408 facto
1602 1362 1826 1426 mane,
1899 1352 2246 1426 antequam
2306 1341 2410 1405 sol
2469 1340 2898 1409 incalesceret

539 1451 960 1518 transivimus
1026 1451 1093 1514 in
1136 1450 1484 1514 ecclesiam
1527 1449 1598 1513 S.
1643 1450 1898 1513 Mariae
1952 1449 2309 1514 formosae:
2374 1455 2441 1511 et
2511 1455 2692 1510 certe
2749 1448 2897 1531 ipsa

537 1558 820 1622 ecclesia
857 1556 1145 1621 formosa
1185 1563 1289 1618 est
1328 1563 1395 1618 et
1438 1572 1714 1639 magna.
1697 1575 1713 1592 ·
1758 1554 1847 1619 ibi
1871 1562 2043 1637 ergo
2081 1553 2313 1617 Missis
2333 1549 2576 1616 auditis
2611 1552 2895 1635 ingressi

536 1679 764 1728 sumus
780 1652 874 1723 in
916 1646 1284 1743 hospitium.
1368 1659 1517 1723 Neo
1558 1658 1667 1763 die
1706 1659 1817 1724 illo
1856 1661 2037 1723 exire
2078 1657 2337 1723 domum
2376 1657 2893 1743 praesumsimus

535 1773 803 1851 propter
843 1765 1228 1828 excessivos
1270 1763 1546 1859 calores.
1635 1765 1887 1837 Tantus
1931 1765 2102 1827 enim
2121 1772 2287 1849 erat
2327 1762 2538 1848 calor,
2609 1772 2892 1847 quantus

534 1871 880 1957 praeterito
944 1876 1233 1959 tempore
1308 1886 1438 1931 non
1501 1875 1605 1931 est
1666 1869 1855 1931 visus
1907 1868 2226 1932 venetiis.
2337 1864 2484 1946 Qua
2559 1867 2892 1934 arefactae

535 1983 699 2043 sunt
730 1978 1055 2041 cisternae
1072 2018 1094 2056 ‚
1137 1982 1206 2037 et
1249 1972 1425 2037 facta
1466 1981 1572 2037 est
1610 1991 1923 2058 aquarum
1967 1950 2274 2071 dulcium·
2294 1990 2540 2056 magna
2576 1975 2887 2062 caristia3

533 2099 662 2146 nec
699 2066 1058 2145 habebatur
1094 2077 1186 2142 ibi
1218 2076 1531 2163 potabihs
1577 2095 1750 2163 aqua
1768 2123 1790 2162 ,
1854 2078 1985 2145 nisi
2037 2095 2210 2162 quae
2267 2077 2350 2153 de
2403 2079 2604 2143 fluvio
2644 2079 2891 2147 Brenta

535 2184 980 2251 adducebatur
1016 2182 1085 2247 in
1125 2182 1429 2267 navibus,
1468 2192 1537 2246 et
1574 2183 1692 2249 illa
1751 2201 1903 2247 care
1953 2182 2398 2283 vendebatur,
2458 2191 2526 2247 et
2583 2183 2891 2248 cisternis

532 2288 1206 2366 circumfundebatur,
1288 2298 1362 2353 ιιι
1420 2307 1541 2371 per
1597 2296 1837 2353 terram
1890 2287 2212 2363 coleretur·¹
2294 2297 2362 2353 et
2422 2288 2492 2352 in
2561 2290 2889 2359 cisternas

533 2393 1031 2562 desugirczsima
1070 2497 1278 2582 prima
1318 2495 1424 2559 die
1466 2496 1928 2580 navigavimus
1968 2496 2055 2563 ad
2127 2494 2203 2562 S.
2271 2496 2640 2562 Antonium
2682 2515 2889 2582 prope

531 2596 602 2666 S.
645 2602 1075 2687 Dominicum,
1111 2610 1181 2665 et
1219 2602 1310 2667 ibi
1352 2600 1571 2666 divino
1613 2601 1852 2667 Officio
1894 2588 2321 2668 interfuimus.
2377 2600 2538 2667 Post
2579 2601 2888 2667 Officium

530 2708 949 2772 circuivimus
1022 2715 1090 2771 et
1165 2715 1528 2772 structuras
1587 2727 1861 2792 magnas
1881 2754 1903 2794 ,
1957 2726 2123 2795 quas
2183 2709 2273 2773 ibi
2334 2708 2599 2772 Domini
2643 2706 2890 2772 Veneti

531 2813 777 2879 faciunt
832 2814 969 2877 fleri
987 2858 1007 2894 ,
1063 2814 1551 2898 perspeximus,
1608 2823 1676 2877 et
1729 2822 1948 2879 tantas
2000 2830 2327 2898 expensas
2382 2812 2593 2878 mirati
2633 2828 2885 2895 sumus,

528 2921 684 3003 quia
724 2917 807 2982 de
848 2918 1010 2980 mari
1049 2911 1115 2978 et
1156 2917 1344 2999 aquis
1388 2934 1605 2981 muros
1648 2919 1950 3000 ingentes
1992 2921 2282 3004 erigunt,
2342 2926 2410 2984 ct
2467 2926 2571 2981 est
2612 2916 2882 2981 multum

525 3023 877 3105 pretiosum
918 3020 1008 3083 ibi
1051 3037 1226 3081 nova
1266 3019 1686 3084 fundamenta
1718 3021 1966 3103 jacere.
2048 3023 2329 3087 Ratione
2376 3022 2556 3087 illius
2602 3021 2883 3087 aedificii

524 3126 679 3190 Dux
717 3123 1142 3187 venetiarum
1185 3123 1488 3188 fratribus
1543 3128 1789 3190 nostris
1844 3126 1927 3190 ad
1974 3126 2047 3192 S.
2102 3128 2513 3193 Dominicum
2569 3136 2711 3193 erat
2760 3126 2875 3192 illo

530 3239 820 3314 tempore
862 3227 1130 3292 multum
1189 3226 1483 3292 offensus
1550 3238 1617 3294 et
1671 3231 1785 3294 alii
1849 3241 2212 3317 senatores,
2266 3237 2417 3320 quia
2472 3232 2886 3316 postulabant

524 3353 566 3399 a
608 3334 911 3398 fratribus
953 3334 1235 3416 spatium
1275 3329 1517 3398 dimidii
1559 3335 1730 3400 horti
1770 3333 2156 3401 Conventus
2198 3338 2405 3402 nostri
2471 3357 2589 3423 pro
2644 3356 2878 3405 mona-

522 3442 724 3506 sterio
767 3439 837 3504 S.
894 3437 1166 3502 Antonii
1222 3436 1630 3522 ampliando:
1686 3441 1807 3506 sed
1850 3442 2085 3508 fratres
2143 3445 2453 3509 nolebant
2506 3447 2876 3509 consentire

524 3554 591 3610 et
636 3544 787 3610 forti
831 3545 1041 3611 fronte
1080 3543 1255 3607 Duci
1298 3552 1365 3608 et
1405 3543 1678 3610 Senatui
1720 3564 1797 3611 se
1837 3559 2310 3636 opposuerunt,
2372 3559 2636 3633 propter
2700 3548 2873 3634 quod

517 3650 586 3713 in
637 3667 875 3734 magna
936 3649 1379 3735 indignatione
1452 3660 1812 3736 steterunt3
1872 3663 1946 3718 ιιι
2016 3664 2233 3720 tamen
2305 3654 2544 3721 fratres
2604 3655 2871 3719 flectere

515 3764 790 3836 possent
849 3754 934 3817 ad
986 3773 1377 3843 consensum
1390 3800 1412 3840 ,
1438 3758 1844 3839 ,obtulerunt
1913 3760 2220 3825 fratribus
2270 3768 2498 3827 contra
2553 3761 2867 3826 orientem

513 3859 793 3942 spatium
833 3860 904 3921 in
944 3862 1108 3924 mari
1149 3872 1719 3950 quantumcunque
1759 3863 2027 3949 vellent,
2078 3876 2350 3950 possent
2392 3869 2692 3950 accipere
2710 3910 2731 3948 ,
2797 3874 2866 3930 et

514 3962 598 4026 de
636 3962 1000 4047 sumptibus
1060 3968 1345 4031 civitatis
1397 3966 1646 4031 vellent
1700 3967 2119 4034 fundamenta
2155 3971 2407 4054 jacere.
2482 3971 2604 4036 sed
2677 3970 2862 4034 Prior

512 4075 669 4131 tunc
690 4070 1016 4151 temporis,
1056 4070 1247 4134 homo
1282 4072 1770 4155 imperterritus,
1814 4074 1990 4138 nullo
2019 4075 2207 4141 modo
2250 4076 2620 4141 consentire
2661 4072 2856 4137 vole-

510 4172 639 4236 bat.
682 4174 883 4238 Porro
924 4168 1182 4239 Domini
1202 4175 1442 4239 Veneti
1479 4176 1694 4241 locum
1733 4177 1916 4247 illum
1953 4181 2046 4249 ita
2065 4160 2467 4247 sollemniter
2508 4180 2858 4246 aedificant

492 4294 657 4344 cum
699 4278 990 4344 honestis
1029 4279 1528 4346 habitationibus
1544 4327 1566 4367 ,
1621 4292 1688 4346 et
1750 4283 1971 4349 multis
2012 4285 2291 4355 cameris
2309 4330 2332 4370 ‚
2391 4295 2462 4354 ut
2522 4285 2860 4374 peregrini
