3242 5259
1375 345 1497 413 421

281 537 350 593 et
388 527 708 612 praelatos
749 530 819 590 in
862 536 1281 610 angmentum
1323 527 1545 605 divini,
1570 530 1822 614 cultus,
1866 538 1933 594 et
1956 534 2039 596 -in
2079 529 2262 593 brevi
2330 538 2618 611 tempore

279 642 514 717 gentes
553 651 688 716 *per
728 632 1072 703 circuitum,
1114 633 1698 699 subnervaverunt.
1806 635 2033 718 ltaque
2090 650 2280 697 nemo
2345 632 2617 718 digitum

281 747 508 803 contra
548 755 666 803 eos
728 738 948 802 movit.
1035 737 1206 802 Nam
1256 738 1508 802 interea
1543 741 1853 802 civitates
1906 726 2001 802 et‘
2033 738 2303 803 castella
2334 739 2615 823 ‚munie-

279 852 431 911 runt
482 842 836 909 Christiani
889 851 957 905 et
1018 844 1368 926 praecipue
1418 843 1787 906 Jerusalem
1856 851 1929 905 ‚et
1986 841 2371 905 Bethlehem
2414 831 2616 906 muris

281 958 350 1013 et
392 949 679 1012 turribus
720 946 1223 1010 obfirmaverunt
1257 956 1492 1011 ‚contra
1531 945 1847 1012 infideles.
1920 948 2009 1037 'In
2050 946 2185 1010 illis·
2221 947 2616 1033 temporibus

282 1053 403 1117 fuit
442 1052 822 1116 Bethlehem
857 1058 1094 1114 sancta·
1125 1052 1460 1135 populosa,
1497 1053 1746 1136 inclyta
1784 1062 1853 1116 et
1874 1042 2118 1136 ¹(uires,
2192 1059 2258 1113 et
2329 1050 2412 1113 de
2465 1050 2618 1114 uni-

275 1161 494 1222 versis
517 1157 754 1221 fluibus
779 1140 1291 1219 Christianorum
1333 1155 1707 1220 afferebant·
1742 1172 2010 1221 munera
2050 1156 2117 1219 in
2161 1174 2275 1238 ea,
2317 1162 2387 1218 et
2423 1153 2617 1219 ditis-

265 1263 430 1326 ·si‘mi
485 1270 878 1325 mercatores
939 1260 1028 1323 ibi
1089 1258 1478 1324 residebant.
1568 1260 1759 1325 Unde
1810 1258 2007 1325 hodie
2082 1269 2235 1324 ante
2296 1258 2616 1325 ecclesias

283 1375 438 1434 sunt
496 1364 896 1446 testudines,
939 1364 1062 1427 sub
1114 1365 1349 1446 quibus
1414 1366 1678 1428 fuerunt
1728 1361 2006 1450 'patega'e
2049 1374 2495 1447 mercatorum,
2548 1372 2620 1426 et

278 1480 414 1536 tam
457 1470 732 1555 populus
772 1487 965 1553 quam
1008 1467 1224 1532 clerus
1268 1470 1760 1559 inqimmensum
1803 1469 1948 1548 (B)
2011 1471 2422 1553 profecerunt
2486 1476 2617 1533 tam

275 1578 347 1639 in
388 1574 848 1659 spiritualibus,
906 1591 1099 1656 quam
1158 1574 1231 1635 in
1281 1573 1763 1669 temporanbus.
1869 1572 2049 1648 Cum>
2092 1575 2347 1659 magnis
2397 1580 2616 1637 autem

278 1681 514 1743 turmis
554 1678 816 1744 cottidie
857 1677 1267 1742 confluebant
1304 1677 1632 1761 peregrini
1674 1675 1757 1740 de
1799 1685 1933 1740 toto
1957 1675 2220 1765 mundo,
2250 1696 2378 1743 non
2401 1678 2614 1742 selum
2742 1698 2753 1705 ·

276 1793 347 1847 ut
391 1783 538 1847 loca
597 1800 790 1847 sacra
845 1791 1190 1860 cernerent
1252 1790 1318 1847 et
1356 1782 1826 1871 *indulgentias
1860 1772 2293 1865 -aocipereut,
2350 1779 2472 1845 sed
2534 1788 2611 1849 ut

278 1890 587 1953 virtutum
630 1888 930 1975 exempla
969 1887 1288 1971 viderent,
1331 1897 1397 1951 et
1439 1888 1617 1953 vitae
1657 1884 2167 1960 emendationem
2194 1893 2611 1979 reportarent.
2654 1890 2677 1963 j

280 1992 645 2076 Praecipue
675 2001 919 2055 tamen
992 1990 1074 2056 ad
1138 1992 1311 2056 festa
1353 1992 1733 2079 principalia
1803 1990 2166 2055 nativitatis
2217 1990 2483 2053 Domini
2543 1997 2612 2051 et
2706 2070 2715 2079 θ

282 2096 772 2160 resurrectionis
838 2103 1018 2160 tauta
1094 2094 1431 2161 multitudo
1493 2095 1578 2159 de
1645 2096 1957 2158 extremis
2019 2091 2241 2157 mundi
2316 2094 2610 2175 partibus

277 2199 612 2281 confluxit,
665 2209 738 2263 ut
780 2208 953 2264 terra·
990 2217 1106 2263 eos
1157 2202 1273 2264 vix
1315 2217 1552 2284 capere
1603 2207 1865 2282 posset,
1927 2206 2193 2280 propter
2240 2195 2606 2273 divinorum

277 2304 636 2368 officiorum
679 2300 1162 2369 devotissimam
1205 2303 1660 2388 peractionem.

275 2418 282 2425 ‘
437 2408 704 2495 Festum
747 2408 987 2492 quippe
1022 2407 1261 2473 natalis
1308 2406 1567 2476 Domini
1609 2404 1724 2468 tali
1779 2403 2008 2468 ordine
2069 2400 2367 2465 solebant
2416 2417 2612 2481 pera-

278 2528 473 2596 gere·
542 2515 618 2575 In
658 2511 888 2597 vigilia
942 2512 1180 2579 natalis
1203 2510 1473 2575 “Domini
1526 2510 1710 2574 venit
1748 2508 1815 2572 in
1862 2506 2242 2587 Bethlehem
2298 2503 2382 2567 de
2411 2505 2613 2571 Jeru-

278 2617 484 2679 salem
527 2617 893 2700 patriarcha
923 2615 1576 2699 Hierosolymitanus,
1622 2631 1769 2677 cum
1812 2613 1955 2676 suis
1992 2609 2341 2693 episcopis,
2382 2609 2613 2672 abbat-

276 2720 426 2783 ibus
508 2728 579 2783 et
648 2717 904 2784 clericis
969 2738 1050 2784 ae
1120 2720 1474 2788 monachis.
1597 2715 1810 2796 Quem
1840 2758 1843 2763 -
1872 2716 2425 2779 concomitabatur
2495 2731 2613 2775 rex

278 2822 645 2891 Jerusalem
687 2842 835 2888 cum
879 2826 1022 2888 suis
1063 2823 1496 2907 principibus,
1535 2822 1900 2904 comitibus,
1938 2818 2270 2900 militibus,
2313 2816 2613 2900 praefec-

281 2930 403 3013 tis,
441 2927 807 3011 nobilibus,
879 2937 948 2990 et
987 2928 1110 2992 hos
1149 2945 1375 2993 omues
1423 2927 1816 3010 sequebatur
1856 2926 2218 2989 innumera
2274 2919 2612 2985 multitudo

280 3032 795 3117 peregrinorum,
840 3036 1007 3117 quos
1033 3030 1359 3096 ducebant
1396 3030 1689 3114 magistri
1728 3037 1795 3093 et
1831 3028 2144 3112 praefecti
2179 3026 2610 3111 hospitalium,

277 3145 347 3199 et
382 3137 740 3200 communis
767 3136 1056 3221 vulgus,
1099 3150 1298 3200 senes
1340 3144 1406 3199 et
1439 3134 1757 3218 juvenes,
1806 3132 1920 3197 illo
1978 3131 2083 3196 die
2121 3132 2191 3195 in
2230 3129 2610 3195 Bethlehem

267 3238 691 3306 festinabant.
809 3241 1039 3306 Media
1115 3248 1331 3306 autem
1387 3249 1580 3304 nocte
1653 3237 1934 3322 pulsatis
1999 3238 2332 3319 campanis
2399 3234 2611 3303 omnis

267 3342 467 3426 plebs
527 3343 614 3407 ad
665 3346 1011 3410 ecclesiam
1075 3345 1450 3409 nativitatis
1484 3342 1732 3407 Christi
1796 3343 2106 3405 convenit
2165 3340 2250 3404 ad
2321 3339 2610 3403 divinum
2659 3353 2663 3356 ’

279 3442 583 3509 Officium
599 3491 620 3530 ,
674 3457 745 3510 et
800 3452 998 3513 oratis
1067 3451 1400 3515 matutinis
1453 3451 1803 3539 episcopus
1842 3446 2412 3519 Bethlehemlticus
2464 3460 2613 3507 cum

279 3550 421 3613 suis
455 3550 799 3615 -ministris
868 3556 1078 3616 sacris
1138 3553 1350 3617 induti
1418 3552 1740 3636 processit
1800 3551 1867 3613 in
1925 3566 2189 3632 specum
2253 3547 2612 3612 dominicae

277 3655 636 3718 nativitatis
701 3663 767 3719 et
826 3654 1102 3720 Missam
1171 3658 1239 3720 in
1301 3657 1446 3721 loco
1507 3656 1871 3720 nativitatis
1913 3654 2237 3717 cantavit:
2293 3653 2609 3716 Dominus

256 3758 437 3827 uixit
479 3758 562 3822 ad
589 3778 693 3822 me
731 3768 856 3822 etc.
942 3761 1088 3824 Hoc
1117 3758 1357 3825 Officio
1397 3760 1581 3824 finito
1624 3776 1783 3823 cum.
1806 3757 2105 3822 accensis
2134 3756 2404 3839 facibus,
2446 3773 2611 3820 can-

275 3862 464 3946 delis,
508 3863 790 3928 lucentis
831 3872 898 3927 et
939 3863 1290 3929 luminibus
1333 3863 1630 3929 universi
1673 3862 2246 3947 processionaliter
2284 3860 2367 3926 de
2388 3862 2609 3925 ecele-

275 3969 380 4031 sia
421 3968 749 4050 exierunt,
791 3977 860 4031 et
899 3968 965 4031 iu
1006 3967 1242 4031 vallem
1305 3966 1785 4032 descenderunt
1853 3965 1937 4031 ad
1996 3966 2343 4031 ecelesiam
2386 3966 2610 4029 Gloria

275 4072 342 4134 in
381 4071 687 4154 excelsis,
741 4079 812 4135 et
847 4068 940 4135 ibi
981 4070 1321 4136 Officium:
1365 4073 1516 4136 Lux
1559 4069 1831 4154 fulgebit
1893 4088 2041 4134 cum
2095 4082 2334 4154 magno
2373 4068 2608 4153 gaudio

272 4184 682 4259 peregerunt,
747 4175 922 4259 quod
982 4170 1222 4259 aliquis
1286 4175 1370 4240 de
1430 4175 1685 4260 magnis
1739 4175 2109 4258 pastoribus
2169 4184 2238 4238 et
2298 4172 2606 4258 praelatis

272 4281 580 4344 cantavit.
663 4280 826 4345 Post
863 4280 992 4345 hoc
1031 4280 1314 4344 officium
1360 4277 1863 4347 reascenderunt
1878 4324 1899 4360 ,
1968 4288 2039 4341 et
2072 4278 2366 4364 «reliquas
2409 4276 2605 4340 horas

270 4383 622 4447 monicae
643 4392 1092 4468 cantaverunt,
1139 4401 1267 4469 quo
1287 4393 1578 4467 tempore
1598 4383 1964 4468 patriarcha
1990 4370 2606 4464 hierosolymitanus
