3242 5259
1677 236 1810 301 240

573 417 863 483 vidimus
913 426 986 482 et
1036 433 1381 482 ascensum
1441 418 1687 482 montis
1763 413 2130 496 Calvariae,
2186 423 2251 479 et
2295 413 2509 479 denuo
2552 414 2921 482 devotionis

570 524 811 590 affectu
854 523 1156 586 delectati
1197 539 1449 589 sumus.
1536 522 1613 584 ln
1656 522 1803 605 ipso
1839 521 2032 585 etiam
2076 520 2240 583 atrio
2285 518 2472 584 locus
2499 521 2614 585 ille
2652 531 2923 586 sanctus

574 647 885 693 marmore
925 631 1227 712 signatus
1255 636 1378 711 est,
1402 627 1468 689 in
1493 643 1639 710 ‚quo
1657 626 1976 689 Dominus
1994 623 2198 688 Jesus
2227 642 2485 688 crucem
2523 625 2821 710 bajulans
2857 636 2925 691 et

572 734 807 799 videns
850 731 1190 816 scopulum
1234 729 1582 796 calvariae
1622 749 1780 814 prae
1818 733 2128 814 angustia
2173 730 2294 794 sub
2339 747 2535 794 cruce
2580 734 2649 795 in
2693 741 2927 798 terram

574 840 833 905 corruit.
919 838 1117 901 Hunc
1164 836 1377 900 locum
1421 835 1911 899 devotissimum
1955 835 2204 899 crebris
2267 833 2524 900 vicibus
2567 836 2929 901 deosculati

573 962 799 1009 sumus
836 950 903 1006 et
943 943 1162 1006 multis
1204 941 1554 1025 lachrymis
1595 941 1880 1023 vestigia
1916 940 2030 1004 illa
2069 941 2434 1024 sanguinea
2481 940 2926 1024 irrigavimus,

576 1058 644 1113 et
688 1049 803 1112 illa
839 1056 995 1112 sunt
1043 1045 1332 1110 secunda
1350 1045 1611 1110 Domini
1652 1045 1820 1108 Jesu
1861 1046 2166 1129 vestigia.
2232 1045 2381 1108 Nec
2421 1045 2777 1128 putandum
2820 1053 2931 1110 eat

576 1172 799 1218 carere
833 1153 1178 1236 mysterio,
1221 1151 1394 1237 quod
1440 1150 1650 1234 prima
1696 1150 1985 1234 vestigia
2026 1157 2213 1214 erant
2276 1150 2471 1214 nobis
2522 1151 2604 1215 de
2660 1143 2959 1235 corpore*

578 1258 821 1323 Christi
884 1256 1177 1340 glorioso
1242 1257 1458 1322 oblata
1520 1264 1589 1319 et
1649 1254 1941 1322 secunda
2000 1255 2083 1319 de
2142 1273 2414 1339 corpore
2466 1257 2794 1343 flagellato
2861 1264 2930 1319 et

579 1365 756 1428 cruci
850 1362 1016 1426 endo
1036 1360 1333 1445 (9811),
1373 1347 1460 1426 ut*
1487 1360 1961 1444 ostenderetur,
1987 1361 2097 1425 hic
2113 1362 2279 1425 nihil
2295 1360 2469 1425 aliud
2490 1361 2929 1446 quaerendum

580 1470 711 1534 nisi
752 1469 1024 1553 gloriam
1088 1467 1476 1550 coelestem,
1540 1466 1623 1529 ad
1668 1484 1863 1551 quam
1906 1485 2095 1531 nemo
2138 1467 2319 1531 venit
2382 1467 2516 1531 nisi
2556 1487 2675 1551 per
2717 1470 2932 1531 crucis

579 1572 1057 1657 bajulationem.
1171 1574 1379 1655 Igitur
1436 1572 1765 1635 exercitiis
1826 1572 1932 1636 his
1992 1573 2192 1638 finitis
2249 1571 2467 1636 educti
2528 1572 2767 1635 fuimus
2814 1590 2933 1655 per

582 1676 851 1742 Calinos
895 1678 976 1739 de
1018 1677 1205 1760 atrio,
1250 1676 1360 1740 vel
1394 1675 1477 1740 de
1512 1676 1731 1759 platea
1772 1678 1987 1742 sancti
2048 1676 2378 1760 sepulchri
2396 1722 2415 1758 ,
2462 1685 2532 1740 et
2586 1696 2704 1760 per
2753 1678 2932 1740 viam

583 1789 739 1846 ante
780 1782 1055 1865 plateam
1077 1787 1609 1863 pertranseuntes
1653 1799 1738 1844 ex
1761 1783 2057 1865 opposito
2100 1781 2323 1865 templi
2365 1782 2578 1846 sancti
2606 1781 2933 1865 sepulchri

584 1903 841 1950 sursum
893 1884 1305 1948 ascendimus
1355 1884 1439 1948 ad
1490 1885 1813 1968 hospitale
1870 1885 1942 1948 S.
1994 1886 2351 1971 Johanuis,
2418 1886 2593 1971 quod
2626 1904 2933 1969 magnum

588 1997 692 2053 est
758 1989 1201 2053 habitaculum
1257 1989 1720 2054 testudinatum
1742 2034 1764 2073 ,
1815 1991 2119 2054 miserum
2181 1998 2248 2055 et
2303 1989 2662 2056 desolatum
2680 2036 2700 2076 ,
2778 2007 2936 2073 pars

589 2094 906 2158 duntaxat
962 2093 1210 2177 antiqui
1276 2092 1653 2176 hospitalis,
1709 2102 1775 2156 et
1819 2102 1922 2158 est
1988 2095 2200 2173 locus,
2237 2097 2412 2159 sicut
2468 2104 2626 2160 sunt
2694 2113 2935 2179 magna

590 2198 942 2265 refectoria
981 2199 1049 2286 in
1069 2200 1325 2284 magnis
1352 2198 1801 2282 conventibus,
1844 2199 1911 2261 in
1933 2202 2169 2285 quihus
2214 2200 2455 2264 multus
2478 2201 2934 2265 monachorum

592 2313 699 2369 est
740 2320 1073 2368 numerus.
1120 2306 1208 2370 Et
1250 2304 1340 2367 ihi
1370 2303 1845 2386 conjunxerunt
1877 2311 1952 2366 se
1995 2306 2321 2390 peregrini
2361 2325 2479 2389 per
2518 2324 2678 2370 suas
2719 2306 2939 2370 socie-

592 2417 789 2474 tates.
854 2411 1058 2473 Porro
1101 2407 1355 2472 nobiles
1397 2406 1481 2470 de
1520 2406 1788 2492 Suevia,
1831 2410 2093 2475 Domini
2135 2412 2281 2495 mei,
2324 2412 2682 2476 habuerunt
2725 2410 2938 2474 locum

594 2513 663 2577 in
727 2511 861 2577 fine
922 2513 1272 2578 habitaculi
1294 2552 1321 2590 ,
1401 2512 1514 2576 ubi
1570 2522 1677 2576 est
1741 2513 2058 2597 quaedam
2131 2515 2441 2581 habitatio
2502 2533 2797 2580 morsum
2856 2514 2939 2577 ab

596 2617 765 2702 aliis,
805 2619 874 2682 in
915 2619 1064 2683 loco
1107 2619 1333 2683 clauso
1377 2626 1444 2680 et
1484 2618 1755 2701 pulchro
1797 2626 1866 2682 et
1904 2620 2197 2685 honesto.
2244 2619 2484 2685 Comes
2524 2639 2685 2684 vero
2728 2619 2942 2684 domi-

595 2741 723 2787 nus
783 2723 1123 2788 Johannes
1188 2723 1273 2787 de
1337 2722 1557 2787 Solms
1620 2737 1769 2787 cum
1833 2740 1955 2787 sua
2006 2728 2322 2790 societate
2363 2726 2757 2790 transierunt
2794 2742 2943 2788 cum

598 2826 833 2893 Calino
873 2847 1087 2913 parvo
1107 2823 1493 2912 Elphahallo
1535 2830 1601 2891 in
1645 2827 1902 2892 domum
1946 2847 2155 2915 suam,
2193 2838 2258 2895 et
2298 2831 2389 2894 ibi
2433 2836 2821 2892 manserunt.
2863 2828 2942 2890 ln

600 2951 749 2998 mea
790 2935 998 3017 prima
1023 2934 1563 3017 ‚peregrinatione
1616 2951 1748 2996 non
1790 2933 2030 2998 fuimus
2071 2934 2250 2999 ducti
2304 2936 2374 2998 in
2412 2934 2766 3019 hospitale,
2822 2931 2946 2995 sed

600 3037 669 3099 iu
710 3036 1036 3120 quandam
1079 3037 1340 3102 domum
1380 3033 1688 3122 massnum
1729 3039 1851 3100 sub
1918 3047 2136 3103 monte
2212 3038 2431 3123 Syon,
2481 3041 2547 3102 in
2588 3037 2796 3103 Mello
2817 3082 2837 3120 ,
2874 3044 2946 3099 et

601 3140 692 3204 ibi
732 3139 1096 3225 deguimus,
1121 3159 1264 3205 ·uec
1303 3159 1588 3226 unquam
1632 3148 1787 3206 tunc
1828 3141 1964 3205 vidi
2005 3144 2130 3208 hoc
2191 3144 2534 3228 hospitale,
2576 3160 2703 3206 nec
2757 3141 2948 3226 scivi,

602 3242 776 3327 quod
819 3246 1106 3328 vestigia
1142 3246 1484 3330 hospitalis
1526 3244 1597 3308 S.
1631 3245 1955 3310 Johannis
1981 3258 2384 3332 apparerent.
2430 3246 2726 3333 Cumque
2751 3265 2949 3330 pere-

603 3348 775 3432 grini
810 3365 887 3412 se
916 3349 1269 3434 locassent,
1296 3350 1379 3415 ad
1422 3349 1731 3435 placitum
1772 3362 2093 3416 venerunt
2127 3352 2471 3418 Sarraceni
2503 3362 2567 3417 et
2601 3352 2840 3417 Judaei
2881 3359 2950 3414 et

606 3452 956 3528 orientales
1001 3452 1377 3538 Christiani,
1424 3464 1846 3538 apportantes
1882 3475 2124 3542 panes,
2161 3477 2417 3543 aquam,
2459 3460 2704 3523 cibaria
2742 3465 2951 3540 cocta,

606 3565 673 3621 et
698 3553 967 3645 fructus,
991 3562 1162 3626 sicut
1181 3560 1319 3625 dixi
1343 3559 1597 3645 fol.84.‚
1615 3560 1700 3625 de
1720 3562 1953 3646 quibus
1976 3571 2268 3627 emerunt
2290 3572 2357 3628 et
2378 3562 2948 3627 manducaverunt.

604 3662 805 3728 Porro
847 3674 1038 3749 pater
1078 3667 1445 3731 Gardianus
1488 3669 1728 3730 montis
1768 3665 1952 3750 Syon
1998 3669 2175 3732 misit
2215 3667 2300 3731 ad
2337 3668 2657 3753 hospitale
2714 3668 2951 3732 fratres

608 3766 794 3853 duos,
837 3779 906 3833 et
947 3789 1173 3835 omnes
1231 3774 1574 3856 religiosos
1635 3772 1837 3856 jussit
1892 3772 2042 3837 duci
2101 3772 2187 3836 ad
2244 3783 2526 3838 montem
2576 3772 2799 3857 syon,
2850 3771 2951 3833 sic

608 3875 777 3937 enim
819 3884 1197 3940 consuetum
1240 3886 1363 3962 est,
1406 3875 1581 3962 quod
1623 3876 1915 3960 religiosi
1957 3894 2107 3941 cum
2147 3877 2459 3943 fratribus
2504 3878 2863 3946 minoribus
2882 3876 2953 3962 in

608 3988 828 4044 monte
872 3979 1059 4063 Syon
1100 3990 1380 4045 manent.
1474 3981 1654 4045 Inter
1713 3997 1879 4064 quos
1940 4000 2065 4066 ego
2130 3999 2276 4045 cum
2343 3983 2597 4048 duobus
2647 3981 2953 4046 fratribus

609 4083 851 4149 ordinis
890 4086 1410 4164 Praedicatorum
1428 4133 1448 4171 ,
1492 4103 1765 4171 quorum
1828 4103 1999 4150 unus
2041 4096 2179 4151 erat
2221 4088 2598 4171 provinciae
2637 4086 2955 4151 Franciae

612 4188 697 4253 de
736 4190 990 4275 insulis,
1032 4192 1200 4256 alter
1239 4211 1397 4257 vero
1450 4192 1533 4256 de
1571 4190 1879 4275 Neapoli,
1922 4191 2312 4262 Provinciae
2369 4192 2668 4276 Siciliae,
2709 4192 2953 4256 fuimus

615 4293 835 4361 educti
887 4295 969 4360 de
1011 4298 1319 4383 hospitali
1376 4299 1461 4364 ad
1519 4306 1800 4362 montem
1860 4295 2047 4383 Syon
2108 4299 2179 4363 iu
2242 4307 2633 4365 conventum
2677 4297 2955 4362 fratrum
