3242 5259
1741 317 1872 385 2⁷4

635 507 869 586 mnu,
914 515 987 569 ut
1027 503 1341 570 mbr-inm
1377 491 1755 565 vistim-inti
1795 499 1940 583 ojus
1980 502 2281 568 certatim
2325 510 2645 586 cuperent
2681 506 2974 583 tangore.

635 597 784 676 Hoc
854 612 1052 675 etiam
1111 603 1468 694 singulare'
1517 606 1748 676 habuit
1808 607 1919 672 hic
1971 605 2043 670 S.
2087 607 2416 694 hechas,
2479 605 2657 692 qood
2710 604 2979 671 Christo

632 716 912 780 Domino
975 715 1097 779 fuit
1162 712 1566 792 simillimus,
1632 711 1797 776 adeo
1850 712 2272 796 m²plerique
2334 713 2402 775 in
2473 728 2698 775 eorum
2753 711 2979 793 specie

641 821 1056 884 fallerentur..
1118 817 1309 883 Unde
1348 816 1709 881 secundum
1759 819 1974 881 omnia
2014 818 2306 901 corporis
2346 816 2760 899 lineamenta,
2798 825 2867 879 et
2908 818 2979 880 in

637 926 829 990 modo
872 922 1342 1005 conversandi,
1403 923 1470 985 in
1511 924 1654 986 vita
1694 931 1762 985 et
1803 924 1871 984 in
1931 921 2134 1004 facie,
2190 923 2283 985 ita
2323 922 2556 985 similis
2611 921 2778 985 Jesu
2835 920 2979 1003 fuit,

637 1048 717 1094 ac
767 1032 824 1092 si
869 1028 1162 1113 eJnsdem
1206 1028 1372 1092 uteri
1418 1027 1618 1089 frater
1677 1035 1859 1089 esset
1922 1026 2257 1108 gemellus.
2348 1025 2759 1111 Quapropter
2826 1034 2981 1108 post

638 1136 901 1200 Domini
983 1133 1435 1197 ascensionem
1526 1130 1710 1193 multi
1795 1130 2271 1215 Jerosolymam
2348 1130 2815 1215 ascenderunt,
2898 1129 2983 1193 de

637 1240 918 1307 diversis
956 1237 1176 1303 mundi
1217 1238 1529 1320 partibus,
1574 1244 1646 1299 nt
1692 1234 2039 1299 Dominum
2062 1234 2294 1299 senum
2334 1237 2404 1300 in
2424 1232 2659 1300 Jacobi
2699 1252 2985 1319 persona

637 1343 956 1410 viderent.
1043 1345 1221 1407 Inoer
1288 1358 1454 1426 quos
1497 1357 1670 1404 unns
1735 1340 1860 1404 fuit
1932 1343 2224 1424 Ignatius
2301 1348 2579 1425 martyr,
2625 1348 2692 1403 et
2732 1340 2984 1405 Paulus

638 1448 1034 1533 Apostolus,
1098 1446 1310 1512 Galat.
1379 1448 1436 1511 1.
1526 1443 1684 1509 Ideo
1738 1445 1937 1509 frater
1976 1446 2235 1509 Domini
2278 1455 2381 1509 est
2437 1444 2817 1528 appellatus.
2905 1445 2982 1507 In

601 1554 751 1619 .illo
795 1572 953 1639 ergo
990 1553 1135 1618 loco
1172 1553 1535 1635 oravimus,
1582 1559 1651 1614 et
1693 1548 2133 1636 indulgentias
2178 1552 2542 1636 recepimus
2585 1550 2725 1633 st).

822 1798 940 1875 De
989 1798 1182 1893 loco,
1226 1800 1302 1876 in
1347 1821 1489 1900 quo
1531 1798 1706 1876 vn.
1771 1798 2058 1877 diaconi
2109 1800 2399 1877 suerunt
2447 1798 2669 1877 electi
2711 1797 2785 1875 in

1569 1919 2067 1999 ministerium.

811 2098 1047 2164 Statim
1091 2098 1175 2163 de
1214 2109 1369 2185 post
1399 2102 1700 2167 venimus
1741 2104 1810 2168 in
1850 2103 2098 2186 locum,
2142 2105 2255 2192 qui
2294 2106 2638 2168 consuevit
2679 2103 2985 2166 honorari

644 2213 904 2289 propter
976 2204 1358 2269 electionem
1434 2206 1582 2269 vn.
1665 2208 2115 2291 diaconorum,
2191 2218 2257 2270 et
2327 2207 2411 2271 de
2474 2226 2607 2292 qua
2663 2205 2988 2271 electione

644 2309 916 2374 habetur
976 2309 1259 2374 Actuum
1321 2302 1384 2374 6.
1489 2311 1662 2374 Nam
1732 2324 2071 2377 crescente
2132 2331 2401 2377 numero
2481 2311 2769 2376 fidelium
2826 2321 2988 2395 post

643 2414 927 2497 Spiritus
968 2412 1195 2479 Sancti
1251 2417 1627 2481 missionem
1711 2428 1920 2482 ortum
1960 2428 2088 2483 ‘est
2129 2434 2413 2483 murmur
2474 2425 2736 2501 propter
2793 2417 3000 2479 mini-

641 2509 1054 2604 strationem,
1120 2520 1380 2605 qnidam
1454 2522 1647 2585 nimis
1715 2527 2155 2607 gravabantur
2168 2563 2194 2601 ,
2265 2523 2375 2587 alii
2435 2522 2987 2606 despiciebantur.

596 2614 604 2621 ’
655 2607 1063 2711 (ἔπιειμτῡρὶῡτ
1132 2627 1464 2707 singarum
1518 2635 1769 2711 septem
1823 2629 2005 2693 viros
2057 2630 2228 2711 vita,
2301 2629 2589 2691 moribus
2641 2636 2709 2689 et
2775 2628 2989 2710 gratia

651 2731 991 2811 probatos,
1059 2751 1224 2815 quos
1292 2735 1649 2796 ministerio
1691 2723 2184 2816 praefecerunt.
2270 2734 2447 2795 Inter
2504 2750 2670 2816 quos
2712 2731 2782 2795 S.
2829 2732 2990 2795 Ste-

651 2839 901 2915 phanus
951 2839 1067 2899 fuit
1124 2839 1558 2921 wimundus,
1621 2837 1857 2922 plenus
1919 2841 2133 2924 gratia
2173 2846 2239 2901 ct
2283 2837 2660 2901 fortitudine
2699 2844 2821 2899 etc.
2911 2840 2990 2899 ln

655 2947 775 3003 hm:
819 2963 971 3023 ergo
1039 2943 1184 3003 luco
1252 2943 1645 3006 orationibus
1703 2947 2126 3030 praescriptis
2189 2943 2385 3008 dictis
2446 2953 2513 3008 ct
2567 2940 2990 3025 indulgentiis

655 3051 975 3127 suscriptis
1023 3047 1228 3107 Duum
1276 3048 1685 3111 laudavimus
1725 3046 1865 3130 (†).

655 3291 777 3369 De
830 3292 1001 3369 loco
1017 3346 1043 3387 ,
1091 3292 1165 3369 in
1224 3314 1365 3392 quo
1424 3293 1778 3397 Apostoli
1826 3296 2298 3374 confecerunt
2363 3294 2773 3398 symbolum
2817 3292 2992 3373 fidei

1240 3412 1748 3492 christianae
1723 3439 1798 3491 m
1845 3415 1986 3494 xu
2033 3415 2382 3497 articulis.

815 3593 1012 3660 Circa
1055 3596 1325 3660 eandem
1371 3598 1832 3662 conferentiam
1877 3599 2062 3664 locus
2105 3617 2256 3664 esse
2299 3598 2705 3681 aestimatur,
2756 3597 2824 3662 in
2859 3615 2987 3684 quo

652 3701 951 3785 Apostoli
992 3711 1143 3783 post
1184 3700 1466 3786 Spiritus
1510 3701 1739 3766 Sancti
1786 3705 2161 3769 missionem
2237 3711 2631 3789 congregato
2713 3700 2988 3766 concilio

648 3823 838 3871 sacro
897 3805 1297 3871 tradiderunt
1360 3807 1679 3872 ecclesiae
1720 3811 1849 3875 ΧΠ
1912 3811 2219 3875 articulos
2276 3809 2459 3894 fidei,
2535 3825 2700 3894 quos
2756 3806 2989 3872 confe-

645 3918 908 3995 cerant,
995 3911 1483 3996 praedicandos.
1591 3916 1668 3977 In
1732 3933 2002 3998 quorum
2084 3915 2498 3980 articulorum
2568 3913 2698 3977 fide
2761 3929 2988 3976 omnes

648 4014 997 4099 salvamur,
1030 4025 1100 4079 et
1132 4017 1202 4081 in
1242 4018 1369 4082 Dei
1413 4016 1583 4081 filios
1623 4017 2024 4103 adoptamur.
2069 4021 2357 4110 Magnae
2395 4038 2553 4105 ergo
2583 4018 2990 4086 reverentiae

650 4127 754 4182 est
795 4118 981 4184 locus
1036 4122 1186 4186 iste.
1274 4123 1349 4185 In
1395 4140 1475 4187 eo
1532 4140 1690 4206 ergo
1751 4122 1944 4188 fidem
2004 4144 2229 4193 veram
2293 4124 2586 4191 confessi
2649 4140 2878 4190 sumus
2921 4130 2990 4190 et

647 4225 921 4290 ulterius
966 4225 1049 4289 ad
1087 4226 1220 4290 alia
1261 4227 1717 4293 festinavimus
1757 4237 1881 4292 etc.
1927 4229 2081 4295 vide
2124 4232 2231 4297 sol.
2280 4232 2420 4298 152.
2467 4232 2544 4301 B,
2592 4229 2732 4312 st).
