3242 5259
2239 268 2276 289 ..a

1531 348 1648 414 ¹⁴¹
1939 364 1948 373 .
2251 336 2290 379 ἲ

414 525 623 594 culosi
648 527 992 612 *agnini
1034 536 1147 591 aut
1185 525 1509 611 gali-otae.
1551 526 1668 593 Sic
1696 545 1853 612 erge
1893 527 2156 605 batham
2182 538 2249 593 et
2287 527 2480 627 pilos·
2498 528 2763 599 cottidie

412 632 664 723 lump-et,
705 631 857 714 quia
898 633 960 697 si
1001 634 1089 698 ibi
1135 631 1806 716 superabundaverint
1826 650 1876 715 ,¹
1909 642 2182 717 figatur
2243 630 2565 718 deponere
2606 636 2761 701 bar-

411 738 581 820 bam,
632 744 698 800 et
739 753 816 798 se
854 733 1324 820 dehonestare,
1375 736 1527 818 quia
1605 736 2054 821 eqrobnbile
2123 746 2223 805 eet
2238 780 2261 820 ‚
2329 757 2462 805 ιιοι
2517 741 2762 807 habero

410 842 675 907 batam
716 840 785 902 in
827 840 1013 906 mari.
1099 838 1215 903 Sic
1269 840 1498 905 inutile
1541 850 1645 905 est
1699 842 1947 905 nutrire
1990 858 2241 911 comam
2293 843 2545 926 capitis,
2586 848 2761 910 sicut

414 945 678 1029 quidam
726 943 1002 1027 nobiles,
1044 944 1343 1009 nolentes
1386 963 1530 1009 eam
1575 944 1920 1031 deponere,
1963 964 2234 1032 quorum
2304 947 2560 1031 aliquos
2619 951 2757 1014 vidi

413 1049 575 1117 adeo
620 1044 780 1131 (⁵4
797 1048 905 1127 A)
945 1049 1381 1134 pediculosos,
1426 1060 1494 1115 et
1534 1069 1763 1115 omnes
1798 1068 1980 1115 suos0
2001 1050 2222 1135 socios
2264 1051 2637 1137 replebant,
2667 1064 2761 1129 ‚et

411 1172 637 1221 omncs
676 1163 1148 1218 commorantes
1188 1156 1583 1239 gravabant:
1643 1173 1769 1220 nec
1832 1153 2338 1225 verecundetur.
2373 1159 2757 1241 peregrinus

408 1269 633 1343 petere
665 1258 934 1340 socium,
968 1266 1044 1322 ut
1082 1259 1209 1323 sibi
1249 1267 1517 1344 quaerat
1571 1260 1640 1323 in
1697 1260 1917 1327 barba.
2013 1258 2326 1324 Similiter
2374 1255 2456 1320 de
2519 1258 2758 1324 lotione

413 1364 740 1448 frequenti
782 1363 1213 1448 camisiarum,
1256 1380 1447 1448 quam
1491 1362 1739 1429 faciunt
1771 1363 2034 1447 galeoti,
2065 1365 2154 1427 sit
2192 1363 2546 1448 singularis
2603 1361 2757 1428 dili-

409 1470 634 1553 gentis
674 1477 742 1530 et
762 1467 1203 1532 linteaminum
1241 1478 1308 1533 et
1342 1469 1560 1533 lectuli
1603 1468 1917 1534 munditia
1949 1477 2229 1552 curetur,
2270 1477 2443 1532 uteo
2481 1469 2758 1554 quietior

414 1576 522 1655 sit,
562 1576 747 1656 quia,
801 1573 914 1656 qui
968 1574 1037 1635 in
1078 1573 1227 1637 istis
1286 1583 1389 1638 est
1452 1574 1797 1659 negligens
1816 1617 1838 1656 ,
1899 1574 2251 1638 remanebit
2302 1575 2648 1660 inquietus,
2689 1582 2758 1637 et

411 1678 708 1742 omnibus
729 1674 1031 1741 reddetur
1071 1676 1355 1741 odiosus.
1405 1678 1814 1761 Navigantes
1834 1680 2157 1764 peregrini
2176 1677 2411 1743 multas
2432 1680 2757 1763 sustinent

410 1780 941 1847 incommodiates
983 1790 1047 1844 et
1084 1783 1501 1867 gravamina3
1558 1783 1728 1847 inter
1778 1801 2004 1847 omnes
2053 1792 2308 1851 -tamen
2323 1782 2756 1867 cmmodi-

411 1896 615 1970 tates,
668 1885 929 1969 dempta
976 1886 1345 1951 infirmitate
1401 1889 1700 1974 propriae
1744 1904 2063 1970 personae
2084 1933 2110 1972 ,
2167 1886 2635 1965 molestissima
2686 1896 2755 1951 et

408 1992 694 2075 pessima
756 1991 1247 2055 incommoditas
1309 2002 1454 2076 est,
1511 1991 1771 2076 quando
1832 1992 2215 2078 peregrinus
2272 1966 2480 2057 bouus
2555 1993 2756 2059 aab«

409 2096 843 2175 collateralem
933 2097 1173 2162 malum
1183 2142 1206 2182 ,
1301 2096 1692 2162 invidiosum
1713 2141 1737 2181 ,
1811 2098 2287 2183 impatientem,
2379 2094 2753 2180 litigiosum,

409 2202 784 2286 inquietum,
823 2201 1203 2267 iracundum
1242 2212 1311 2267 et
1351 2202 1788 2267 immundum
1766 2246 1787 2269 .
1826 2211 2134 2284 expertus
2167 2219 2314 2265 sum
2355 2201 2552 2284 hujus
2590 2198 2747 2265 mali

407 2325 702 2392 poenam,
729 2314 796 2369 et
835 2324 876 2367 e
915 2310 1239 2372 contrario
1274 2306 1718 2391 inpretiabilis
1758 2305 2100 2370 thesaurus
2142 2314 2246 2369 est
2285 2308 2505 2370 socius
2543 2305 2754 2369 colla-

409 2411 634 2476 teralis
678 2411 1093 2496 rationabilis,
1135 2412 1369 2496 fidelis,
1409 2414 1688 2496 patiens,
1733 2412 1993 2495 quietus
2033 2419 2101 2474 et
2141 2410 2451 2495 mundus3
2515 2419 2583 2475 et
2623 2412 2753 2475 hee

408 2516 577 2581 idem
649 2519 1050 2599 experientia
1111 2518 1325 2582 didici.
1458 2517 1735 2580 Tantum
1800 2518 1974 2579 enim
2031 2515 2270 2581 benun
2330 2527 2433 2581 est
2509 2516 2753 2583 habere

407 2621 842 2686 collateralem
878 2623 1095 2706 talem,
1137 2632 1211 2687 ut
1252 2639 1478 2685 omnes
1498 2621 1669 2685 aliae
1691 2618 2029 2687 molestiae
2059 2620 2244 2683 leves
2289 2629 2358 2684 et
2379 2619 2749 2685 tolerabiles

407 2728 769 2811 videantur,
790 2737 859 2791 et
875 2745 1078 2812 saepe
1095 2728 1402 2813 gaudium
1436 2728 1502 2791 in
1527 2725 1936 2792 tribulatione
1953 2725 2225 2789 habetur
2246 2741 2332 2789 ex
2347 2723 2754 2805 jocunditate

410 2835 591 2898 socii.
691 2833 971 2898 Multum
1049 2835 1296 2898 cruciat
1355 2833 1735 2917 peregrinos
1811 2828 2071 2913 quidam
2129 2828 2341 2892 malus
2406 2827 2614 2891 foetor
2667 2825 2753 2890 de

406 2938 598 3022 galea
639 2937 977 3020 exhalans,
1020 2938 1132 3022 qui
1174 2957 1304 3001 non
1344 2956 1624 3022 semper,
1688 2934 1809 3000 sed
1864 2952 1981 3017 pro
2035 2942 2326 3017 tempore
2378 2933 2619 3015 spirat,
2683 2940 2754 2996 et

401 3044 497 3107 ita
537 3043 707 3107 male
749 3043 973 3124 foetet,
1014 3051 1086 3106 ut
1127 3044 1338 3107 omnis
1358 3043 1524 3107 alius
1564 3043 1772 3106 foetor
1813 3057 1942 3101 uon
1986 3039 2303 3102 sentiatur
2344 3055 2423 3101 eo
2439 3036 2752 3118 spirante.

408 3145 749 3226 Quendam
791 3149 946 3210 novi
989 3146 1277 3230 militem,
1317 3148 1430 3232 qui
1473 3146 1721 3211 foetore
1760 3145 1873 3210 illo
1908 3146 2199 3231 spirante
2239 3143 2493 3207 solebat
2532 3139 2753 3205 dicere

404 3254 657 3336 grossis
710 3262 778 3315 et
818 3252 1123 3336 impolitis
1164 3253 1387 3317 verbis
1451 3252 1882 3317 theutonicis:
1941 3249 2221 3314 hominis
2258 3249 2618 3331 posteriora
2684 3255 2751 3313 et

407 3360 749 3441 anteriora,
793 3355 1088 3440 latrinae,
1130 3358 1447 3441 sentinae,
1488 3364 1747 3420 stercus
1789 3363 1857 3419 et
1898 3356 2105 3436 urina,
2143 3370 2380 3416 caseus
2428 3351 2743 3436 putridus,

406 3462 708 3546 cadaver,
751 3470 817 3525 et
858 3462 1027 3525 inter
1070 3462 1339 3544 pedicas
1384 3463 1688 3545 rusticus,
1731 3460 1945 3525 omnia
1986 3460 2150 3522 haec
2191 3467 2347 3523 suut
2396 3458 2747 3525 aromatica

406 3572 707 3651 respectu
745 3564 922 3630 illius
964 3566 1252 3631 foetoris.
1298 3563 1618 3645 Quamvis
1661 3574 1875 3631 autem
1899 3565 1989 3629 sit
2030 3561 2228 3631 valae
2262 3563 2471 3627 malus
2516 3565 2744 3647 foetor,

403 3690 534 3735 nou
594 3680 810 3734 tamen
874 3668 1075 3735 laedit
1137 3680 1330 3755 caput
1346 3715 1368 3753 ,
1421 3688 1545 3734 nec
1605 3671 1785 3734 vires
1848 3666 2188 3750 debilitat,·
2229 3686 2353 3731 nec
2393 3669 2745 3753 appetitum

404 3775 592 3859 tollit,
633 3793 759 3839 nec
798 3775 884 3838 ad
939 3777 1251 3840 vomitum
1290 3775 1580 3859 imminit,
1636 3773 1756 3837 sed
1818 3773 2030 3838 solum
2091 3770 2424 3837 odoratum
2479 3770 2747 3836 offendit

410 3887 476 3943 et
520 3888 627 3943 est
672 3879 944 3963 amplior
980 3881 1051 3945 in
1094 3878 1377 3964 antiquis
1412 3877 1626 3962 galeis
1668 3895 1862 3962 quam
1899 3879 1970 3941 in
2012 3878 2221 3942 novis.
2265 3877 2532 3943 Praeter
2572 3876 2747 3943 hune

407 3984 719 4049 faetorem
760 3986 1011 4067 spirant
1047 3983 1178 4069 alii,
1209 4002 1340 4048 non
1379 3982 1640 4067 quidem
1680 3984 1778 4048 ita
1816 3984 2078 4068 intensi,
2097 3982 2219 4047 sed
2261 3984 2473 4067 magis
2505 3982 2745 4065 nocivi,

399 4096 472 4154 ut
508 4087 594 4153 de
632 4090 1011 4174 urnalibus,
1057 4089 1141 4153 de
1180 4088 1441 4153 cacabis
1482 4088 1901 4173 infimorum,
1943 4088 2028 4151 de
2071 4086 2504 4153 reservaculis
2563 4085 2747 4150 ciba-

404 4195 662 4279 riorum,
718 4211 1058 4261 caseorum
1100 4204 1168 4259 et
1205 4195 1519 4273 carnium,
1562 4202 1633 4258 et
1673 4194 1757 4258 de
1799 4194 1988 4280 aquis
2029 4191 2324 4278 putridis,
2369 4193 2453 4257 de
2490 4190 2747 4256 lectulis

403 4308 471 4363 et
512 4301 923 4366 vestimentis
976 4298 1325 4367 sudoribus
1390 4298 1645 4384 plenis,
1710 4297 1794 4362 de
1873 4298 2128 4363 stabulo
2202 4300 2590 4382 bestiarum,
2661 4295 2748 4361 de

405 4405 684 4488 coquina
702 4450 725 4489 ,
782 4405 867 4470 de
922 4406 1215 4489 sentina,
1258 4404 1349 4472 de
1413 4405 1669 4471 miseris
1717 4404 2027 4489 galeotis3
2070 4404 2154 4469 de
2209 4407 2444 4489 quihus
2485 4400 2748 4466 exhalat
