3242 5259
1647 259 1778 325 288

540 443 660 509 fuit
701 459 855 527 pars
916 439 1431 525 pretiosissimae
1497 443 1713 509 crude
1773 439 2101 506 recondita
2126 485 2145 522 ,
2206 436 2516 522 gemmis,
2581 454 2768 522 auro,
2813 446 2884 503 et.

539 557 809 633 argento
849 548 1086 630 stipata
1138 565 1257 629 per
1309 546 1810 611 illustrissimam
1883 543 2203 610 Helenam
2249 543 2394 625 ejus
2437 545 2883 627 inventricem,

501 720 516 729 ‚
539 673 709 739 quae
750 671 893 715 eam
936 653 1255 735 integram
1300 670 1446 715 cum
1507 653 1901 736 invenisset,
1968 651 2181 714 secari
2235 666 2379 712 eam
2442 648 2626 732 fecit,
2687 667 2885 713 unam

536 769 785 843 partem
830 758 958 823 huc
1002 775 1345 841 reponens,
1390 766 1456 819 et
1491 758 1768 821 alteram
1791 755 2419 838 Constantinopolim
2460 754 2883 817 transferens.

540 858 860 942 Quamdiu
903 874 1118 927 autem
1161 871 1392 926 sancta
1434 879 1597 927 cmx
1639 863 1706 925 in
1748 864 1873 925 hoc
1917 862 2062 925 loco
2103 862 2319 942 stetit,
2359 861 2692 923 orientalis
2736 859 2885 941 (B)

540 970 823 1033 ecclesia
866 975 1245 1051 prosperata
1289 967 1415 1029 fuit
1457 974 1527 1029 et
1567 968 1798 1050 crevit,
1825 976 1890 1030 et
1937 965 2387 1028 sanctissimos
2414 968 2592 1028 viros
2635 966 2885 1048 hahuit,

538 1085 605 1138 et
664 1092 923 1157 semper
982 1071 1064 1135 de
1118 1073 1396 1136 inimicis
1471 1073 1685 1135 crucis
1751 1069 1999 1136 Christi
2060 1070 2446 1154 triumphum
2509 1070 2884 1153 reportavit.

537 1177 675 1242 Sed
715 1197 907 1263 quam
950 1179 1169 1242 statim
1210 1174 1365 1241 hinc
1400 1171 1617 1240 ablata
1661 1177 1799 1260 fuit,
1834 1175 2091 1261 defecit,
2136 1184 2202 1238 et
2242 1193 2456 1258 usque
2493 1174 2578 1238 ad
2618 1174 2884 1238 ultimas

539 1284 723 1348 feces
770 1283 1056 1353 devenit.
1142 1285 1342 1345 Hunc
1390 1281 1639 1367 locum,
1702 1283 2001 1366 quamvis
2045 1298 2357 1365 vacuum,
2400 1281 2882 1361 honoravimus,

539 1399 605 1453 et
644 1397 882 1452 cantus
949 1388 1030 1452 de
1073 1398 1305 1452 sancta
1368 1406 1563 1453 cruce
1628 1389 1717 1449 ibi
1781 1386 2173 1471 perfecimus
2236 1404 2321 1448 ex
2377 1384 2882 1469 processionali:

533 1495 841 1557 absentia
883 1495 1055 1558 enim
1099 1505 1424 1578 tamquam
1456 1493 1827 1577 praesentia
1866 1492 1953 1555 ibi
1995 1491 2600 1573 contemplabamur.
2661 1489 2886 1573 Spirat

542 1600 746 1683 euim,
809 1608 883 1661 ut
943 1601 1131 1663 nobis
1206 1597 1577 1683 videbatur,
1641 1617 1726 1660 ex
1780 1597 2068 1681 capsella
2125 1596 2240 1660 illa
2296 1597 2507 1660 virtus
2564 1595 2880 1678 quaedam

543 1704 852 1764 derelicta
896 1723 936 1764 a
985 1703 1163 1786 ligno
1232 1713 1500 1766 sanctae
1556 1705 1788 1766 crucis.
1875 1703 2022 1766 Nec
2086 1703 2345 1784 mirum3
2403 1702 2463 1764 si
2525 1700 2697 1763 enim
2759 1717 2884 1762 vas

543 1812 679 1868 vini
724 1812 976 1888 liquere
1015 1805 1223 1871 efluso
1291 1806 1550 1870 odorem
1613 1807 1752 1869 viui
1797 1808 2061 1891 retinet,
2126 1816 2191 1870 et
2233 1808 2396 1871 haec
2452 1803 2771 1889 capsella,
2815 1804 2883 1867 in

543 1932 671 1996 qua
724 1912 966 1992 lignum
1010 1911 1271 1975 odorem
1330 1911 1513 1973 vitae
1575 1920 1881 1975 aeternae
1923 1914 2173 1976 habeus
2233 1920 2623 1992 contentum,
2685 1908 2884 1971 odore

543 2016 651 2080 illo
699 2016 964 2080 redolet.
1053 2017 1300 2079 Verum
1343 2024 1418 2078 ut
1462 2034 1540 2080 eo
1582 2016 2016 2081 venerabilior
2055 2018 2239 2080 locus
2280 2025 2491 2098 esset,
2535 2015 2773 2080 habeut
2815 2016 2882 2078 in

475 2106 486 2118 ⁴
543 2140 623 2184 eu
671 2140 931 2184 erucem
971 2121 1405 2206 reconditam,
1461 2122 1529 2183 in
1569 2140 1698 2204 qua
1734 2138 1939 2205 parva
1978 2122 2297 2206 particula
2341 2122 2422 2186 (le
2473 2140 2633 2185 vera
2690 2138 2886 2183 cruce

433 2312 445 2324 ⁸
547 2224 788 2288 Christi
836 2236 940 2289 est
982 2229 1205 2298 infixa.
1291 2229 1483 2290 Hanc
1523 2227 1901 2310 particulam
1968 2227 2322 2291 deosculati
2363 2244 2623 2311 sumus,
2667 2235 2733 2290 et
2776 2227 2885 2287 in-

442 2342 478 2355 ”
543 2331 915 2417 ὼίςοιιῑίαε
960 2335 1319 2418 recepimus
1362 2333 1510 2432 st),

454 2601 459 2607 ·
579 2570 711 2658 'De
759 2582 966 2678 loce,
1012 2583 1084 2659 in
1136 2606 1276 2685 quo
1321 2591 1579 2660 sancta
1629 2606 1814 2658 cmx
1858 2584 1999 2659 fuit
2046 2583 2352 2686 probata
2393 2605 2529 2684 per
2570 2579 2831 2656 mortui

1436 2703 2006 2781 suscitationem.

706 2883 1011 2968 Expediti
1052 2886 1121 2949 in
1160 2885 1272 2950 illo
1315 2886 1458 2951 loco
1499 2907 1645 2951 cum
1708 2889 1836 2952 alio
1882 2897 2077 2951 cantu
2117 2886 2558 2971 processimus
2612 2883 2693 2948 ad
2738 2903 2882 2947 me-

544 2986 722 3051 dium
764 2990 1088 3073 capellae,
1131 2997 1201 3052 et
1236 2991 1325 3053 ihi
1369 3001 1473 3055 est
1515 2992 1699 3055 locus
1714 3038 1736 3075 ,
1790 2995 1859 3054 in
1903 3012 2093 3077 quem
2145 2991 2578 3076 transpositae
2624 2990 2885 3053 fuerunt

540 3101 676 3155 tres
720 3111 951 3155 cruces
994 3096 1343 3175 inventae,
1407 3104 1479 3157 ut
1519 3096 1928 3178 probaretur,
1996 3113 2168 3180 quae
2207 3114 2369 3159 crux
2413 3103 2595 3159 esset
2636 3092 2882 3157 Christi

539 3213 725 3277 crux,
768 3203 838 3258 et
883 3195 1082 3258 allato
1110 3196 1489 3269 mortuoatl
1531 3207 1773 3262 tactum
1814 3200 2028 3262 crucis
2052 3197 2302 3264 Christi
2342 3201 2624 3265 surrexit
2663 3201 2878 3263 vivus.

539 3299 742 3363 Hunc
783 3299 994 3363 locum
1040 3299 1396 3364 deosculati
1453 3319 1702 3385 sumus,
1747 3311 1814 3366 et
1855 3303 2294 3388 indulgentias
2336 3307 2697 3389 recepimus
2741 3304 2878 3387 st).

541 3404 813 3488 Capella
852 3405 1015 3469 haec
1058 3414 1162 3468 est
1219 3406 1635 3488 Latinorum,
1700 3415 1770 3469 et
1817 3408 1997 3471 nulla
2046 3412 2222 3475 natio
2285 3411 2634 3495 quidquam
2690 3413 2756 3473 in
2799 3429 2883 3473 ea

533 3509 701 3592 juris
763 3510 997 3594 habet,
1081 3511 1209 3574 nisi
1266 3511 1518 3593 Latini,
1584 3520 1652 3574 et
1707 3513 2012 3577 custodes
2073 3517 2286 3579 sancti
2353 3516 2679 3599 sepulchri
2736 3515 2880 3595 loco

537 3615 914 3678 Latinorum
946 3617 1013 3678 in
1055 3633 1135 3678 ea
1177 3615 1490 3700 officiant,
1520 3625 1585 3679 et
1637 3625 1811 3681 retro
1855 3618 2168 3702 capellam
2211 3620 2448 3685 habent
2491 3620 2878 3703 habitacula,

539 3720 605 3783 in
649 3721 885 3803 quibus
924 3729 1244 3804 coquunt,
1286 3720 1666 3803 comeduut,
1708 3721 2060 3807 dormiunt,
2125 3732 2192 3786 et
2229 3726 2666 3788 necessarium
2711 3742 2877 3807 opus

538 3824 906 3908 perficiunt.
954 3823 1220 3888 Fratres
1260 3826 1540 3890 minores
1583 3830 2006 3892 communiter
2050 3837 2183 3892 tres
2226 3829 2464 3893 fratres
2501 3831 2570 3893 in
2610 3849 2689 3895 eo
2731 3829 2875 3895 loco

536 3928 781 3993 habeut
818 3929 1075 4012 degere.
1160 3928 1393 3995 Multis
1436 3932 1613 3997 horis
1655 3933 1724 3994 in
1764 3932 2131 4000 dormitorio
2175 3934 2441 3998 fratrum
2481 3935 2775 4000 dormivi.
