3242 5259
1758 292 1847 356 50

640 481 722 545 ad
757 498 947 544 suum
988 495 1214 543 casum
1255 475 1532 558 tremuit,
1571 474 1725 559 quia
1765 481 1907 536 erat
1943 472 2050 535 vir
2077 489 2356 556 magnus
2399 483 2462 536 et
2506 493 2790 539 crassus.
2834 477 2982 543 Nos

636 606 795 650 vero
836 600 1063 651 omnes
1104 581 1550 662 conticuimus,
1578 579 1902 661 perterriti
1939 578 2387 642 auscultantes
2415 580 2564 669 quis
2606 582 2978 646 cecidisset.

576 668 593 753 Ϊ
635 691 869 755 Statim
913 666 1128 752 autem
1170 686 1281 750 ille
1322 686 1591 749 illaesus
1631 686 1931 767 surrexit,
1974 692 2037 746 et
2084 702 2230 747 cum
2295 685 2394 747 ira
2458 686 2702 768 incepit
2756 687 2980 771 lingua

633 796 1030 860 balbutiente
1070 803 1405 877 quaerere,
1454 790 1682 854 dicens
1711 811 1728 852 ι
1770 791 1948 852 Ecce
1990 789 2237 852 scalam
2285 789 2422 857 §ub
2465 791 2741 875 pedibus
2781 794 2977 858 habui

635 909 703 967 et
742 912 862 984 per
903 909 1038 963 tres
1077 897 1322 981 gradus
1363 895 1673 960 descendi
1716 904 1783 957 et
1821 894 2084 979 quidam
2126 895 2326 957 traxit
2352 896 2509 958 mihi
2553 915 2698 960 eam
2741 897 2823 961 de
2854 917 2979 981 pe-

624 986 824 1073 'dibus
868 1013 935 1067 et
975 1003 1203 1068 cecidi.
1279 1001 1406 1065 Cui
1446 1018 1593 1065 cum
1630 1000 1889 1083 quidam
1930 999 2204 1064 diceret:
2261 1000 2508 1064 scalam
2557 1011 2708 1065 ante
2749 1003 2977 1069 horam

637 1111 844 1175 fuisse
887 1108 1279 1192 depositam3
1325 1105 1690 1188 respondit:
1737 1120 1866 1168 uon
1910 1114 2014 1168 est
2054 1107 2180 1189 ita,
2223 1107 2374 1187 quia
2416 1107 2622 1170 tribus
2662 1107 2974 1190 gradibus

627 1216 769 1298 jam
810 1213 1306 1295 descenderam,
1352 1219 1419 1274 et
1459 1213 1525 1274 in
1569 1212 1757 1274 tertio
1799 1210 2007 1294 gradu
2055 1229 2162 1273 me
2227 1212 2630 1275 consistente
2668 1212 2826 1275 mihi
2869 1222 2976 1277 est

632 1318 946 1388 detracta.
1037 1317 1145 1380 Ad
1212 1316 1376 1379 haec
1428 1316 1633 1377 verba
1698 1333 1925 1378 omnes
1980 1315 2219 1379 fuimus
2283 1317 2554 1380 resoluti
2608 1317 2678 1379 in
2747 1319 2971 1401 risum,

630 1424 915 1486 scientes
935 1421 1181 1485 scalam
1207 1430 1358 1483 ante
1379 1420 1604 1499 horam
1627 1419 1834 1482 fuisse
1857 1429 2167 1502 amotam3
2233 1439 2357 1504 ego
2401 1441 2559 1484 vero
2573 1420 2972 1502 jocundatus

630 1529 841 1610 magis
904 1527 1031 1611 fui,
1072 1518 1493 1610 congaudens
1537 1525 1746 1602 socio,
1804 1523 1978 1606 quod
2018 1525 2086 1586 in
2130 1533 2261 1588 tam
2304 1526 2667 1608 periculoso
2729 1536 2796 1589 et
2837 1527 2969 1590 alto

629 1650 789 1694 casu
832 1632 991 1694 nihil
1049 1633 1202 1695 mali
1240 1632 1371 1694 sibi
1413 1628 1684 1712 accidit,
1746 1628 2015 1692 multum
2072 1630 2139 1692 iu
2196 1632 2396 1694 risum
2440 1631 2802 1694 concitatus
2853 1631 2972 1702 fui.

629 1736 926 1819 Cumque
967 1735 1328 1798 audivisset
1385 1754 1489 1797 me
1530 1733 1846 1797 ridentem
1898 1734 2228 1798 infremuit
2289 1745 2515 1799 contra
2557 1756 2680 1800 me.
2765 1737 2966 1819 Ecce,

629 1842 870 1925 inquit,
938 1841 1283 1903 manifeste
1322 1818 1566 1922 'cerno,
1627 1836 1799 1921 quod
1862 1847 1933 1900 tu
1987 1838 2187 1902 frater
2240 1840 2432 1904 Felix
2503 1842 2659 1904 mihi
2721 1840 2968 1903 scalam

627 1946 881 2009 traxisti
924 1945 1007 2008 dc
1049 1946 1347 2030 pedibus.
1430 1944 1628 2007 Certe
1671 1941 1944 2007 Galeam
1990 1962 2121 2005 non
2165 1945 2394 2027 exibis,
2432 1947 2560 2008 nisi
2596 1963 2700 2007 me
2744 1943 2969 2007 vindi-

632 2068 896 2121 cavero.
982 2049 1279 2133 Cumque
1320 2069 1426 2113 me
1485 2066 1901 2130 excusarem,
1965 2048 2113 2131 plus
2158 2050 2646 2133 indignabatur,
2706 2057 2772 2111 et
2811 2049 2969 2112 mihi

628 2156 1087 2238 maledicebat,
1123 2154 1354 2238 jurans
1396 2172 1473 2216 se
1512 2154 1579 2216 in
1623 2154 1975 2217 crastinum
2016 2154 2373 2218 vindictam
2417 2155 2500 2218 de
2541 2173 2647 2218 me
2686 2172 2965 2217 sumere.

627 2260 765 2327 Sed
808 2262 1103 2326 dormitio
1161 2278 1446 2345 sequens
1516 2277 1743 2322 omnes
1798 2259 2239 2342 vertiginosos
2291 2267 2357 2322 et
2400 2269 2700 2343 aegrotos
2715 2304 2737 2344 ,
2802 2276 2966 2342 quos

622 2368 849 2445 vinum
929 2366 1258 2430 Creticum
1332 2363 1816 2447 debilitaverat,
1890 2367 2183 2433 sanavitz
2267 2382 2392 2427 nec
2468 2366 2536 2427 in
2612 2366 2965 2429 crastinum

621 2474 935 2536 memoria
974 2472 1243 2535 istorum
1289 2470 1427 2533 fuit.
1472 2469 1548 2532 Si
1571 2469 1684 2532 ille
1719 2470 2102 2551 peregrinus
2141 2469 2388 2553 absque
2418 2471 2572 2533 vino
2606 2479 2670 2532 et
2708 2469 2964 2531 sobrius

623 2575 818 2641 istum
863 2594 1085 2641 casum
1131 2577 1519 2658 accepisset,
1563 2575 1731 2637 forte
1772 2576 2095 2637 cervicem
2131 2584 2243 2637 aut
2287 2575 2477 2637 tibias
2509 2573 2960 2656 confregisset.

625 2678 1065 2767 Communiter
1127 2681 1296 2743 enim
1354 2681 1513 2742 ebrii
1568 2680 1636 2741 in
1695 2681 1957 2742 casibus
2021 2680 2405 2762 periculosis
2472 2690 2623 2742 sunt
2686 2681 2962 2743 caeteris

624 2783 1118 2868 fortunatiores,
1185 2783 1307 2847 sed
1350 2802 1479 2847 non
1544 2785 2035 2867 prudentiores,
2104 2783 2361 2865 dempto
2415 2783 2679 2846 Polemo
2714 2783 2964 2863 juvene

624 2890 1098 2970 ebriosissimo,
1150 2887 1231 2950 de
1289 2906 1417 2970 quo
1483 2888 1720 2969 legitur
1760 2890 1827 2948 in
1907 2890 2046 2951 vita
2128 2888 2514 2948 Xenocratis
2586 2885 2961 2966 Philosophi

623 2992 926 3074 discipuli
966 2991 1284 3072 Platonis,
1328 2995 1438 3073 qui
1480 2999 1657 3054 totus
1689 2993 1903 3054 ebrius
1947 3001 2013 3055 et
2059 2989 2330 3053 lascivis
2363 2989 2662 3053 vestibus
2695 2986 2960 3053 indutus

624 3113 769 3158 cum
815 3072 933 3176 pei·
976 3096 1303 3157 civitatem
1329 3094 1628 3156 Athenas
1657 3092 1927 3157 madens
1966 3096 2121 3156 vino
2152 3093 2560 3174 discurreret,
2592 3102 2660 3156 et
2693 3092 2958 3157 scholas

621 3199 1011 3260 Xenocratis
1054 3206 1315 3278 apertas
1366 3207 1681 3280 cerneret,
1721 3199 2007 3281 intravit,
2050 3180 2121 3258 t'rt
2153 3196 2518 3280 ‘disciplinIs
2547 3197 2960 3262 intendentes

620 3300 959 3364 derideret.
1051 3299 1347 3385 Cumque
1410 3320 1637 3367 omnes
1692 3302 1773 3365 ad
1832 3301 1974 3383 ejus
2030 3304 2397 3385 ingressum
2447 3303 2958 3390 indignarentur,

621 3408 1027 3468 Xenocrates
1063 3404 1248 3467 vultu
1290 3413 1572 3488 maturo,
1617 3408 1861 3469 omissa
1904 3427 1995 3490 re,
2037 3405 2119 3468 de
2155 3425 2286 3490 qua
2339 3407 2811 3491 disserebatur,
2875 3408 2959 3471 de

616 3509 937 3575 modestia
961 3518 1022 3572 et
1054 3511 1485 3591 temperantia
1525 3510 1701 3595 loqui
1741 3514 1931 3594 cepit.
1979 3510 2190 3596 Cujus'
2209 3494 2594 3595 gravitatem
2637 3515 2958 3576 sermonis

613 3612 925 3676 Polemon
967 3613 1269 3697 audiens,
1337 3617 1542 3697 primo
1587 3614 1939 3680 detractam
1989 3616 2072 3681 de
2128 3620 2342 3699 capite
2383 3636 2685 3681 coronam
2727 3617 2954 3680 florum

616 3717 907 3804 projecit,
948 3719 1355 3803 postmodum
1408 3720 1672 3802 pallium
1715 3720 2014 3786 seculare
2055 3721 2376 3806 deposuit,
2427 3732 2492 3785 et
2535 3721 2619 3785 ad
2661 3721 2951 3783 ultimum

568 3826 577 3833 '
615 3825 912 3889 omnibus
999 3823 1439 3906 voluptatibus
1511 3827 1755 3906 spretis
1844 3825 1928 3889 ad
1990 3830 2192 3891 unius
2280 3828 2587 3890 orationis
2665 3824 2952 3888 auditum

612 3927 1038 4011 philosophus
1076 3930 1393 3991 maximus
1431 3931 1663 3991 evasit.
1724 3929 2083 3994 'rmisacta
2110 3931 2226 3994 illa
2254 3940 2445 3995 nocte
2473 3934 2541 3993 in
2569 3927 2951 4010 crepusculo

611 4049 849 4099 navem
905 4030 1255 4114 solvimus,
1320 4042 1385 4095 et
1447 4043 1635 4096 extra
1693 4043 1951 4117 portum
1996 4056 2114 4118 per
2175 4047 2441 4099 ventum
2499 4034 2650 4099 elati
2702 4050 2948 4098 sumus.

611 4134 749 4201 Sed
789 4154 936 4201 cum
993 4152 1123 4203 non
1182 4136 1377 4231 longe
1417 4139 1868 4225 venissemus,
1929 4143 2209 4203 occurrit
2253 4141 2442 4204 nobis
2486 4148 2728 4203 ventus
2786 4158 2953 4202 con-

609 4243 867 4323 trarius,
912 4251 978 4303 et
1011 4240 1417 4325 jactabamur
1456 4243 1524 4303 in
1567 4245 1869 4308 fluctibus
1911 4248 2056 4311 sine
2096 4263 2476 4328 progressu.
2534 4243 2952 4311 conabantur

576 4362 766 4447 §ergo
794 4355 1059 4433 ‚portum
1106 4343 1433 4413 Creticum
1478 4351 1822 4434 reintrare3
1892 4350 2014 4425 sed
2056 4369 2188 4413 nou
2231 4358 2529 4432 poteraut
2590 4351 2951 4414 obsistente
