3242 5259
610 491 2957 582 sculptae,etquadranguli‚ettriangnfl,sicutsiansntastrela-

610 605 746 670 bia.
823 604 915 666 Et
955 600 1189 683 eredo,
1257 598 1433 685 quod
1475 611 1741 684 propter
1780 600 2062 686 aliquam
2118 598 2650 683 superstitionem
2704 600 2957 684 antiqui

611 709 712 772 sie
768 706 1128 787 habuerint.
1212 705 1468 769 Domus
1532 707 1700 771 haec
1770 713 2061 790 tempore
2125 703 2457 788 passionis
2520 702 2773 768 Christi
2831 706 2961 769 fm‘t

607 811 913 897 grundis,
976 810 1317 875 multorum
1387 809 1937 894 habitaculorum,
2001 810 2123 874 sed
2164 810 2296 874 iam
2338 817 2442 873 est
2497 809 2667 872 satis
2729 808 2962 873 stricta

612 918 693 980 ab
736 917 938 999 intra,
992 914 1174 979 locus
1222 923 1438 979 tamen
1506 913 1964 998 flagellationis
2024 922 2129 978 est
2171 912 2645 996 tentamus,
2703 921 2769 977 et
2812 913 2957 977 fnit.

613 1019 751 1084 Sed
811 1037 985 1083 nunc
1046 1019 1393 1103 projiciunt
1456 1019 1751 1103 inquilini
1816 1017 2045 1082 domus
2119 1034 2348 1081 omnes
2408 1017 2845 1082 immunditias
2887 1027 2961 1081 et

610 1131 1043 1210 purgamenta
1110 1123 1342 1188 domus
1403 1125 1470 1186 in
1536 1142 1685 1188 eum
1748 1129 2052 1187 sanctum
2113 1122 2344 1187 locum.
2453 1123 2530 1185 In
2592 1121 2706 1184 illa
2766 1121 2958 1186 dome

620 1230 881 1294 fuerunt
924 1226 1265 1292 columnae
1306 1228 1456 1292 illae
1496 1226 1630 1291 vn
1682 1227 2038 1312 sudantes,
2109 1225 2194 1290 de
2255 1226 2492 1312 quibus
2554 1225 2795 1290 dictum
2851 1237 2961 1291 est

616 1350 815 1417 supra
878 1331 985 1395 fol.
1050 1331 1194 1402 113.
1239 1331 1320 1395 A.
1405 1333 1490 1396 Et
1533 1334 1600 1394 in
1644 1349 1786 1395 eam
1854 1330 2326 1396 ascendebatur
2379 1349 2498 1414 per
2562 1347 2963 1394 marmoreos

612 1436 857 1522 gradus
899 1435 1210 1501 xxvm.
1276 1438 1369 1501 m
1410 1454 1560 1500 cum
1601 1436 1922 1502 Dominus
1960 1453 2221 1501 sursum
2265 1434 2611 1500 duceretur
2652 1435 2963 1518 captivus

618 1559 768 1608 cnm
811 1541 981 1605 furia
1021 1548 1089 1605 et
1149 1541 1493 1624 violentis,
1556 1541 1626 1605 in
1667 1539 1877 1624 gradu
1940 1538 2057 1611 XI.
2098 1539 2340 1605 cecidit
2399 1557 2599 1623 supra
2662 1547 2960 1604 sanctam

609 1664 797 1710 suam
838 1647 1108 1731 faciem,
1170 1648 1296 1730 ita,
1339 1644 1512 1731 quod
1556 1643 1643 1709 de
1684 1645 1949 1709 naribus
2001 1654 2068 1709 et
2120 1665 2234 1712 ore
2281 1647 2669 1730 sanguinem
2710 1645 2947 1727 emIsit,

616 1752 728 1836 qui
774 1768 975 1835 super
1015 1751 1289 1834 gradum
1329 1751 1530 1814 fluxit.
1616 1751 1707 1813 Hi
1747 1749 2015 1833 gradus,
2055 1760 2131 1815 ut
2170 1751 2424 1835 dicitnr,
2467 1749 2762 1816 translati
2802 1757 2961 1812 sunt

612 1875 655 1919 a
691 1853 1058 1918 Jerusalem
1099 1854 1399 1937 Romam,
1442 1861 1512 1917 et
1551 1855 1751 1937 positi
1791 1854 1875 1918 ad
1915 1863 2220 1921 sanetum
2266 1855 2632 1920 Johanuem
2672 1854 2957 1918 Latera-

613 1974 881 2021 nensem
929 1976 1049 2040 pro
1105 1975 1389 2021 ascensu
1427 1958 1511 2022 ad
1558 1967 1792 2022 sancta
1831 1969 2204 2025 sanctorum
2220 2005 2243 2046 ,
2306 1970 2377 2025 et
2417 1960 2956 2044 quotIescumque

615 2064 763 2147 quis
825 2081 943 2147 per
1013 2079 1131 2126 eos
1186 2060 1527 2126 adscendit
1541 2105 1564 2145 ,
1651 2062 2095 2148 indulgentias
2156 2065 2484 2151 plenariae
2546 2063 2955 2129 remissionis

615 2167 911 2251 acquirit.
996 2168 1071 2231 ln
1116 2166 1394 2230 maxima
1456 2174 1673 2231 autem
1738 2170 2060 2234 habentur
2113 2170 2532 2234 veneratione
2574 2169 2643 2233 hi
2684 2166 2952 2252 gradus,

615 2290 735 2357 per
774 2289 942 2356 quos
981 2272 1308 2355 peregrini
1348 2289 1479 2334 nou
1520 2272 1887 2337 ascendunt
1937 2275 2064 2339 nisi
2096 2292 2298 2358 super
2334 2292 2554 2358 genua
2596 2272 2949 2354 denudata,

617 2386 684 2441 et
725 2378 877 2442 dum
919 2375 1003 2440 ad
1038 2376 1137 2439 XI
1170 2375 1443 2459 gradum
1486 2378 1762 2441 veniunt
1779 2422 1799 2457 ,
1859 2379 1949 2443 ibi
1988 2397 2067 2443 se
2107 2388 2554 2463 prosternant,
2597 2388 2667 2443 et
2707 2377 2955 2443 diutius

618 2481 1052 2564 devotiusque
1101 2487 1291 2545 orant
1304 2524 1325 2562 ,
1387 2488 1455 2544 et
1495 2481 1708 2547 locum
1752 2482 2245 2567 deosculantur,
2288 2485 2401 2549 ubi
2456 2486 2717 2567 signum
2757 2480 2955 2545 effusi

616 2587 792 2650 aseri
831 2586 1082 2650 cruoris
1125 2586 1441 2669 comitur3
1508 2587 1620 2669 qui
1662 2587 1848 2653 locus
1889 2597 1998 2654 est
2038 2590 2270 2654 ferreis
2323 2588 2631 2654 cancellis
2672 2588 2956 2651 circum-

619 2690 836 2761 datus.
917 2689 1073 2754 Non
1113 2690 1324 2754 solum
1364 2700 1580 2755 autem
1643 2691 1886 2756 indocti
1944 2702 2011 2757 et
2051 2695 2386 2778 simplices
2443 2695 2511 2759 id
2554 2700 2791 2777 agunt,
2832 2689 2955 2754 sed

619 2794 862 2860 domini
907 2792 1291 2859 cardinales
1331 2803 1400 2857 et
1465 2794 1823 2860 doctissimi
1864 2816 1985 2883 per
2022 2799 2269 2883 gradus
2310 2799 2460 2864 illos
2517 2796 2709 2863 modo
2757 2814 2953 2880 prae-

618 2899 796 2965 dicto
834 2919 951 2984 pro
991 2899 1420 2985 indulgentiis
1460 2895 1845 2987 ascendunt,
1880 2913 1947 2968 et
1983 2923 2102 2970 eos
2141 2905 2211 2969 in
2250 2903 2438 2969 domo
2457 2901 2654 2968 Pilati
2687 2901 2951 2965 stetisse

619 3003 1016 3088 praedicant.

705 3236 986 3311 Domus
1032 3238 1233 3336 regis
1281 3238 1636 3335 Herodis,
1681 3242 1754 3317 in
1807 3267 1947 3343 qua
1992 3241 2337 3321 Christus
2384 3239 2522 3318 fuit
2569 3247 2868 3341 spretus

1580 3371 1659 3439 et
1713 3362 1994 3438 illusus.

786 3537 853 3600 A
908 3537 1095 3603 domo
1156 3539 1488 3624 praedicta
1549 3545 1981 3628 recessimus,
2047 3553 2114 3608 et
2169 3562 2327 3654 μοι.
2350 3542 2567 3607 vicum
2622 3537 2950 3625 progressi

619 3642 922 3708 venimus
963 3644 1048 3708 ad
1089 3646 1284 3710 alium
1328 3647 1567 3728 vicum,
1602 3651 1715 3732 qui
1759 3649 1843 3713 de
1883 3649 1997 3714 illo
2037 3667 2296 3714 sursum
2335 3649 2512 3713 ducit
2552 3665 2669 3730 per
2710 3662 2949 3708 ascen-

617 3764 789 3830 ιωυ,
832 3757 896 3812 et
941 3748 1254 3815 derelicto
1293 3753 1465 3834 vico,
1507 3771 1627 3835 per
1665 3772 1859 3837 quem
1901 3754 1986 3819 de
2027 3763 2243 3820 mente
2285 3751 2631 3818 Calvariae
2668 3750 2948 3814 descen-

618 3853 952 3937 derames,
996 3856 1210 3919 vicum
1256 3855 1438 3920 illum
1478 3856 1929 3943 ascendimus,
1991 3868 2059 3924 et
2098 3860 2182 3924 ad
2229 3876 2425 3923 unam
2466 3873 2765 3940 magnam
2825 3851 2948 3916 do-

619 3976 792 4021 mum
831 3959 1163 4042 venimus,
1205 3979 1376 4046 quae
1417 3962 1539 4027 suit
1585 3962 1816 4027 domus
1857 3964 2143 4030 Herodis
2186 3966 2401 4049 regis,
2459 3965 2529 4025 in
2570 3978 2768 4046 qnam
2807 3958 2949 4022 Do-

618 4062 833 4127 minus
873 4063 1076 4128 Jesus
1117 4065 1353 4131 ductus
1396 4066 1518 4131 mit
1555 4086 1597 4132 a
1650 4068 1864 4133 Pilato
1904 4088 2023 4153 per
2063 4069 2246 4134 illum
2285 4085 2669 4149 ascemm,
2711 4066 2779 4128 in
2820 4079 2948 4148 qua

616 4178 878 4251 spretus
938 4169 1061 4233 suit
1114 4172 1198 4234 ab
1241 4171 1532 4235 exercitu
1598 4172 1918 4258 Herodis,
1982 4183 2050 4239 et
2091 4183 2281 4240 veste
2340 4174 2491 4237 alba
2553 4170 2819 4252 illusus,
2881 4176 2948 4231 et

615 4273 819 4338 multa
857 4291 1250 4359 perpessus,
1293 4284 1365 4339 ut
1408 4274 1629 4341 dicunt
1672 4278 2157 4363 Evangelistae.
2206 4278 2478 4360 Dicitur,
2520 4275 2695 4361 quod
2737 4276 2949 4340 vestis

617 4375 866 4444 Clu-isti
911 4379 1079 4455 alba,
1121 4397 1250 4462 qua
1292 4380 1357 4443 in
1402 4379 1590 4447 domo
1610 4382 1891 4448 Herodis
1932 4383 2165 4451 illusus
2208 4385 2349 4469 fuit,
2388 4389 2529 4447 erat
2565 4381 2649 4446 ad
2692 4378 2949 4446 modun
