3242 5259
361 554 707 636 frumenti,
747 570 919 637 quae
970 552 1059 617 ibi
1105 561 1258 637 post
1310 570 1613 637 magnam
1658 560 1726 617 et
1763 552 2073 618 diutinam
2119 554 2352 619 famem
2391 553 2530 618 fuit.
2614 556 2701 617 Et

356 661 743 743 Bethphage
783 657 1015 722 dicitur
1056 655 1288 721 domus
1330 657 1655 741 maxillae,
1699 660 1853 743 quia
1905 658 2025 722 suit
2068 654 2231 722 villa
2266 658 2700 742 sacerdotum,

356 772 424 828 et
464 765 532 827 in
569 782 651 826 ea
690 762 1152 826 nutriebantur·
1175 779 1415 845 pecora
1454 761 1926 847 sacrificanda,
1965 762 2050 826 de
2093 763 2329 845 quibus
2379 762 2700 827 cedebant

358 868 656 931 maxillae
698 868 765 930 in
805 867 1164 949 portionem
1208 865 1640 930 sacerdotum.
1726 866 1815 931 Et
1865 867 1947 930 ab
2010 868 2141 930 isto
2205 868 2377 934 facto
2446 867 2701 952 accepit

358 992 593 1036 nomen
629 971 1010 1055 Bethphage
1051 968 1279 1034 domus
1331 971 1668 1055 maxillae,
1733 970 1965 1035 domus
2023 989 2364 1056 pecorum,
2428 990 2696 1056 quorum

358 1077 660 1149 maxillae
735 1084 921 1139 eraut
995 1074 1424 1139 sacerdotum.
1554 1076 1672 1140 Sic
1754 1076 2075 1140 Bethania
2146 1076 2384 1141 dicitur
2466 1077 2698 1143 domus

357 1183 767 1247 obedientiae
786 1225 808 1265 ,
870 1181 1024 1265 quia
1077 1183 1171 1245 ita
1217 1179 1487 1265 quidam
1558 1200 1677 1245 rex
1732 1180 2105 1246 Jerusalem
2166 1181 2503 1246 castellum
2572 1184 2699 1247 hoc

359 1285 771 1369 aedificavit,
824 1293 899 1349 ut
961 1294 1140 1349 esset
1197 1285 1322 1348 sub
1387 1285 1760 1350 obedientia
1823 1286 2041 1351 curiae
2097 1287 2271 1370 regis
2326 1295 2394 1350 et
2448 1287 2698 1351 civitati

354 1391 720 1456 Jerusalem
763 1398 830 1454 et
871 1392 1074 1454 monti
1109 1389 1322 1473 Syou.
1403 1392 1503 1452 lta
1536 1391 1924 1479 Bethsames
1967 1389 2197 1454 domus
2237 1391 2402 1456 solis
2441 1391 2697 1474 dieitur,

353 1506 616 1580 propter
657 1495 983 1580 templum,
1027 1493 1199 1578 quod
1240 1496 1308 1558 in
1352 1513 1434 1558 ea
1472 1505 1633 1579 erat,
1674 1497 1743 1559 in
1785 1514 1914 1578 quo
1951 1494 2055 1559 sol
2092 1495 2442 1560 colebatur.
2529 1496 2698 1561 Beth

358 1597 441 1659 El
486 1596 714 1661 domus
740 1592 865 1661 Dei
901 1599 1255 1683 dicebatur,
1297 1600 1451 1684 quia
1492 1601 1584 1664 ibi
1623 1600 1787 1664 vidit
1810 1601 2020 1664 Jacob
2063 1609 2321 1665 secreta
2358 1601 2696 1685 coelestia,

361 1710 430 1765 et
459 1700 655 1770 dixin
694 1704 802 1788 hic
820 1723 953 1768 non
979 1712 1080 1766 est
1101 1703 1298 1788 aliud,
1322 1705 1448 1768 nisi
1470 1703 1700 1769 domus
1720 1706 1870 1790 Dei,
1914 1714 1987 1770 ut
2016 1705 2290 1770 habetur
2322 1707 2561 1769 Genes.
2588 1707 2695 1771 28.

301 1820 308 1832 '
357 1804 476 1870 Sic
515 1808 829 1892 Bethagla
873 1809 1109 1872 dicitur
1149 1809 1381 1873 domus
1422 1810 1768 1895 planctus,
1826 1812 1983 1895 quia
2022 1810 2113 1873 ibi
2156 1809 2268 1873 filii
2309 1811 2699 1895 planxerunt

357 1910 588 1996 Jacob,
630 1923 877 1997 patrem
918 1933 1109 1978 suum
1152 1923 1512 1999 mortuum,
1558 1925 1629 1979 ut
1672 1914 1950 1981 habetur
1992 1915 2232 1978 Genes.
2276 1915 2396 1984 ult.
2418 1906 2563 1977 ‘etc.

359 2060 443 2095 ..9
485 2012 568 2081 Et
612 2017 695 2103 de
737 2018 959 2082 multis
1006 2018 1152 2081 aliis
1185 2019 1554 2082 nominibus
1599 2017 1899 2083 villarum
1936 2037 1978 2082 a
2009 2019 2176 2083 Beth
2213 2000 2696 2104 incipientibus,

358 2140 624 2204 quarum
668 2118 1253 2206 interpretationem
1308 2123 1513 2203 habes
1555 2125 1623 2187 in
1646 2123 2002 2208 Jeronymo
2047 2123 2131 2187 de
2167 2123 2698 2207 interpretatione

359 2228 686 2291 nominum
742 2226 1208 2291 hebraicorum.
1292 2227 1542 2291 Similis
1604 2227 1838 2292 modus
1892 2227 2349 2292 denominandi
2401 2227 2695 2310 castella,

161 2316 176 2325 ⁴
241 2372 248 2377 >
360 2328 597 2415 oppida
637 2338 706 2392 et
747 2332 1054 2395 civitates
1097 2340 1200 2396 est
1262 2333 1331 2394 in
1367 2332 1741 2415 Alema-ia,
1796 2316 1929 2396 'nisi
1993 2330 2166 2415 quod
2234 2333 2302 2395 in
2342 2333 2695 2395 Teutonico

361 2432 617 2517 syllaba
651 2432 788 2518 flla‘,
833 2454 1002 2521 quae
1047 2435 1307 2500 domum
1351 2436 1700 2521 siguificat,
1742 2438 1809 2501 in
1846 2435 2131 2500 dictione
2158 2440 2585 2519 postponitur,
2626 2435 2695 2498 in

360 2539 663 2604 Hebraeo
733 2544 1161 2625 anteponitur.
1261 2540 1555 2604 Dicimus
1629 2542 1799 2605 enim
1860 2539 2266 2604 Offenhusen
2343 2541 2696 2625 teutonice,

360 2643 559 2707 latine
615 2644 846 2708 domus
901 2655 1158 2730 aperta,
1220 2645 1477 2710 ebraice
1534 2646 2017 2714 Bethboforum.
2144 2644 2439 2708 Dicimus
2500 2648 2699 2708 etiam

360 2747 780 2812 Schafhusen
822 2751 1168 2832 teutonice,
1210 2747 1443 2812 domus
1490 2748 1639 2811 ovis
1675 2748 1890 2835 latine,
1940 2750 2342 2814 Bethanania
2374 2749 2693 2812 hebraice.

360 2854 478 2918 Sic
517 2851 1020 2939 Ochsenhusen,
1083 2852 1316 2918 domus
1378 2853 1603 2938 bovis,
1668 2854 2005 2918 Betschor.
2124 2852 2241 2918 Sic
2296 2851 2697 2935 Gaishuseu,

360 2957 591 3027 donus
612 2950 869 3043 caprae,
890 2959 1192 3027 Bethess.
1276 2956 1394 3021 Sic
1417 2957 1731 3041 quaedam
1763 2958 1921 3023 villa
1952 2978 2154 3043 prope
2175 2958 2431 3027 Ulmatn
2464 2955 2697 3027 dicitur

357 3064 846 3146 Dreckshusen‚
885 3063 1120 3128 domus
1159 3065 1498 3149 stercoris,
1521 3062 1920 3128 Bethsevell.
2006 3063 2194 3129 Et..si
2235 3060 2428 3127 hodie
2450 3062 2699 3127 Teuto-

357 3168 488 3231 nici
528 3176 752 3231 essent
798 3182 1222 3251 possessores
1262 3176 1475 3231 terrae
1514 3178 1782 3252 santae,
1835 3177 1991 3233 tunc
2044 3177 2223 3234 recte
2264 3168 2699 3232 nominaretur

357 3272 743 3338 Bethlehem
806 3273 1173 3338 Brothusen
1199 3318 1224 3357 ,
1287 3274 1674 3357 Bethphago
1752 3275 2191 3360 Baggahusen
2210 3317 2232 3357 ,
2311 3272 2698 3335 Bethsames

358 3375 830 3463 Sounahuaeu,
912 3377 1238 3463 Bethagla
1329 3377 1711 3443 Flanhusen
1731 3424 1752 3463 ,
1835 3377 2195 3459 thsaida
2299 3373 2517 3457 (1⁸77
2576 3374 2695 3455 A)

357 3479 807 3547 Fruchthnsen
821 3518 844 3565 9
912 3483 1254 3547 Bethaven
1322 3482 1757 3566 Abgothusen
1771 3529 1791 3567 ,
1890 3484 2227 3549 Bethhara
2288 3479 2696 3561 Berghusen.

357 3585 694 3649 Bethaben
770 3585 1186 3650 Steinhusen.
1269 3585 1657 3677 ·Bethrama
1727 3587 2152 3652 Hochhusen.
2272 3583 2359 3645 Et
2438 3581 2536 3643 ita
2612 3577 2697 3643 de

357 3690 582 3754 multis
623 3690 770 3754 aliis
811 3698 933 3753 est.

524 3795 902 3861 Bethlehem
952 3810 1112 3878 ergo
1174 3791 1413 3857 civitas
1467 3790 1707 3855 nobilis
1762 3801 1830 3855 et
1890 3792 2199 3857 habitatio
2259 3789 2565 3855 nobffium
2610 3807 2695 3853 ex

357 3902 623 3986 antiquo
666 3900 826 3980 fuit,
881 3896 1056 3960 unde
1096 3897 1267 3960 forto
1303 3905 1651 3978 antequam
1693 3895 2016 3960 diceretur
2051 3898 2343 3981 Ephrata
2383 3904 2449 3960 et
2489 3896 2696 3959 Beth-

357 4005 568 4069 lehem
636 4003 766 4068 dici
847 4002 1168 4087 potuisset
1206 4000 1679 4065 Bethtonsorou
1704 4044 1725 4087 ‚
1797 4004 1841 4064 i.
1868 4032 1889 4043 ι
1910 4020 1973 4071 e.
2059 4001 2291 4073 domus
2364 3994 2690 4067 nobilium.

358 4106 677 4189 Quamvis
719 4124 806 4171 ex
844 4105 1183 4191 Scriptura
1220 4118 1353 4170 non
1408 4103 1724 4170 habeatur
1776 4106 2167 4172 authentica.
2251 4107 2338 4171 Et
2394 4107 2696 4192 quamvis

358 4212 552 4279 fuerit
591 4211 898 4277 nobilium
939 4212 1199 4298 civitas,
1240 4228 1592 4296 nunquam
1634 4220 1851 4275 tamen
1895 4212 2014 4276 fuit
2055 4230 2312 4299 magna,
2363 4213 2515 4298 quia
2568 4209 2695 4274 loci

359 4314 700 4398 dispositio
733 4334 865 4383 uon
907 4316 1210 4385 admittit.
1295 4314 1442 4381 Sita
1487 4322 1593 4380 est
1634 4334 1716 4379 ea
1752 4333 1951 4401 super
1985 4316 2214 4403 jugum
2266 4316 2523 4398 montis,
2565 4330 2694 4377 non

357 4417 627 4483 multum
681 4419 800 4486 lati
861 4426 1162 4508 superius
1196 4424 1318 4490 sed
1361 4421 1538 4506 longi
1550 4441 1571 4505 ;
1636 4424 1704 4484 et
1760 4431 1862 4486 est
1916 4422 1986 4486 in
2036 4440 2239 4487 cornu
2292 4419 2527 4483 montis
2548 4415 2693 4481 ‘vel
