3242 5259
1804 273 1935 341 044

700 463 982 532 omnium
1026 457 1488 543 discipufiomm
1528 460 2060 542 praenunciavit:
2102 469 2474 526 sermonem
2517 447 2963 526 dulcissimum
2991 466 3060 522 et

699 567 968 652 iongum
1012 565 1193 651 fecit,
1216 574 1282 628 et
1324 564 1621 628 ultimum
1639 563 1812 628 Vale
1851 565 1958 628 his
1998 566 2139 630 suis
2174 560 2515 648 discipulis
2534 582 2761 649 pacem
2785 563 3059 650 reliquit.

705 673 912 757 Igitur
954 687 1100 734 cum
1165 671 1341 758 circa
1399 669 1609 733 locum
1674 668 1853 733 illum
1898 671 2114 732 omnia
2164 671 2670 753 perfecissemus
2714 668 3062 753 cantando,

708 775 1022 861 legendo,
1080 793 1249 859 quae
1310 775 1570 859 signata
1640 781 1824 836 erant
1883 775 1951 838 iu
2012 775 2478 857 processionali
2521 775 3065 860 peregrinationis

708 892 921 948 terrae
962 888 1253 964 sanctae,
1294 896 1441 943 cum
1481 880 1836 962 gratiarum
1880 880 2142 942 actione
2202 881 2610 943 recessimus.
2718 880 3066 946 Habentur

704 987 876 1051 enim
901 984 1431 1068 processionalia,
1455 983 1685 1066 libelli,
1722 984 1791 1045 in
1819 984 2055 1066 quibus
2099 1001 2326 1047 omnes
2355 986 2688 1068 versiculi,
2724 985 3066 1066 collectae,

702 1091 1113 1176 responsoria
1170 1090 1512 1173 signantur
1572 1095 1642 1150 et
1697 1088 1923 1170 hymni
1982 1093 2049 1150 et
2102 1088 2337 1172 psalmi
2399 1091 2575 1154 circa
2629 1090 2775 1153 loca
2825 1098 3066 1152 sancta

700 1193 984 1282 legenda
1027 1201 1095 1257 et
1138 1191 1462 1258 cantanda
1504 1209 1624 1276 per
1670 1192 1887 1256 omnia
1923 1187 2069 1256 loca
2089 1196 2562 1259 transmarinae
2583 1193 3068 1278 peregrinatio-

699 1303 935 1368 nIonis.
1022 1301 1132 1362 De
1164 1299 1269 1362 his
1323 1295 1560 1362 libellis
1603 1314 1730 1381 ego
1773 1300 2144 1382 comparavi
2182 1317 2384 1363 unum
2414 1319 2532 1385 pro
2573 1318 2700 1383 me,
2741 1316 2871 1384 quo
2894 1315 3064 1363 usus

704 1408 797 1473 fui
845 1407 913 1471 in
952 1406 1119 1471 locis
1160 1403 1426 1470 sanctis.

1299 1567 1530 1646 Lotio
1577 1568 1845 1675 pedum
1891 1569 1992 1648 ibi
2036 1570 2174 1648 fuit
2220 1571 2440 1648 sacta.

865 1751 974 1816 Ad
1025 1751 1136 1816 illo
1173 1752 1318 1817 loco
1357 1752 1442 1817 ad
1485 1752 1775 1820 dextram
1819 1765 2069 1838 partem
2110 1755 2291 1819 chori
2317 1753 2590 1818 ulterius
2615 1752 3064 1837 processimus

698 1876 844 1922 cum
872 1858 1169 1921 cantibus
1212 1857 1297 1921 ad
1341 1857 1711 1930 mandatum
1757 1861 1825 1923 in
1870 1859 1974 1923 die
2015 1877 2260 1924 coenae
2302 1858 2548 1922 cantari
2591 1859 2945 1942 consuetis,
2994 1864 3065 1920 et

700 1963 784 2026 ad
832 1962 1043 2026 locum
1088 1979 1344 2025 sacrum
1387 1962 1712 2047 venimus,
1752 1965 1820 2026 in
1860 1969 2007 2048 quo·
2032 1963 2350 2030 Dominus
2395 1964 2601 2027 Jesus
2642 1962 2805 2026 lavit
2849 1960 3063 2046 pedes

697 2087 958 2132 suorum
1002 2065 1461 2150 discipulorum
1486 2078 1635 2151 post
1679 2087 1968 2135 coenam.
2012 2070 2088 2132 In
2132 2070 2257 2133 hoc
2300 2078 2407 2132 est
2449 2067 2651 2131 altare
2693 2065 3061 2149 pulchrum,

633 2249 640 2258 ,
701 2181 857 2236 ante
899 2173 1071 2257 quod
1093 2175 1397 2255 prostrati
1437 2173 1646 2238 locum
1674 2172 2227 2258 deosculabamur,
2272 2182 2335 2236 et
2379 2172 2816 2255 indulgentias
2858 2187 3063 2233 acce-

635 2315 646 2324 ·
699 2273 1101 2358 pimus(††).
1147 2276 1282 2340 Sed
1304 2297 1534 2361 precor
1559 2288 1627 2341 te
1670 2278 1904 2344 dilecte
1945 2280 2308 2363 peregrine,
2345 2286 2419 2341 ut
2452 2295 2577 2340 nec
2619 2277 2698 2339 ab
2741 2275 2866 2339 hoc
2908 2275 3060 2339 loco

699 2375 1010 2442 discedas
1046 2382 1191 2445 sine
1232 2384 1500 2465 praevia
1537 2384 2094 2470 contemplatione.
2181 2383 2358 2447 Vide
2421 2391 2487 2446 et
2543 2380 2885 2445 considera
2945 2380 3060 2444 hic

699 2483 1086 2568 stupendum
1118 2496 1377 2570 gestum
1416 2490 1766 2571 negotium.
1810 2489 1985 2553 Nam
2026 2489 2152 2552 Dei
2196 2487 2368 2552 filius
2406 2493 2673 2551 aeterna
2714 2485 3061 2549 divinitate

699 2599 1044 2680 potens-et
1106 2593 1424 2676 genitoria
1467 2594 1700 2655 mentis
1743 2592 2217 2677 pulchritudine
2255 2592 2549 2675 pollens,
2595 2592 2706 2675 qui
2744 2591 3060 2654 universa

697 2695 874 2759 nullo
919 2696 1272 2779 opitulante
1308 2697 1600 2762 subsidio
1627 2697 1913 2762 condidit
1955 2706 2018 2761 et
2042 2697 2397 2780 decoravit,
2441 2697 2546 2760 cui
2568 2713 2757 2759 omne
2799 2694 3058 2759 coelum

695 2808 764 2862 et
805 2802 961 2884 vagi
1001 2802 1335 2868 stellarum
1378 2811 1591 2867 motus
1627 2803 2011 2886 inserviunt,
2053 2803 2175 2866 sub
2220 2820 2382 2886 quo,
2435 2810 2509 2864 ut
2567 2801 2654 2861 ait
2700 2798 2852 2880 Job,
2899 2816 3057 2862 cur-

700 2915 957 2986 vantur,
1002 2908 1114 2987 qui
1156 2914 1411 2989 portant
1435 2911 1675 2990 orbem,
1722 2907 2004 2972 divinam
2057 2905 2465 2970 altitudinem
2510 2904 2673 2969 adeo
2717 2902 3060 2967 inclinavit

697 3017 898 3093 atque
937 3008 1199 3072 deflexit
1241 3011 1349 3073 hic
1389 3010 1460 3072 in
1506 3010 1616 3074 illo
1661 3010 1837 3095 loco,
1900 3020 1975 3075 ut
2039 3010 2245 3094 pedes
2310 3008 2709 3088 immundos,
2753 3007 3056 3092 foetidos,

699 3112 952 3175 lutosos
999 3111 1478 3196 discipulorum,
1522 3115 1960 3200 servulorum,
1983 3115 2399 3199 piscatorum,
2420 3121 2828 3198 peccatorum
2866 3120 3062 3197 atque

697 3214 1092 3300 proditorum
1114 3220 1257 3281 suis
1281 3218 1426 3302 ipse
1447 3219 1746 3284 manibus
1769 3218 2043 3283 dilueret
2064 3220 2134 3284 in
2156 3220 2646 3284 saluberrimum
2668 3217 3056 3301 exemplum.

698 3380 821 3459 De
871 3380 1065 3478 loeo,
1108 3381 1182 3460 in
1235 3406 1379 3484 quo
1427 3382 1696 3460 missus
1746 3384 1887 3462 suit
1934 3383 2261 3489 Spiritus
2321 3393 2624 3463 sanetus
2666 3381 3059 3486 Apostolis

1471 3483 1550 3559 in
1599 3483 1724 3562 die
1768 3485 2281 3564 Pentecostes.

867 3623 1368 3711 consequenter
1419 3627 1669 3712 incepit
1720 3638 1946 3694 cantor
2000 3631 2312 3713 hymnum
2362 3623 2901 3711 jocundissimum
2966 3620 3054 3685 de

697 3729 973 3793 canticis
1031 3728 1253 3813 Syon:
1321 3733 1494 3802 Veni
1553 3740 1810 3797 creator
1865 3733 2187 3819 Spiritus,
2244 3741 2499 3798 mentes
2545 3740 2675 3799 etc.
2756 3729 2844 3792 Et
2901 3745 3050 3791 cum

697 3819 810 3896 illo
867 3844 1061 3914 cantu
1135 3838 1390 3919 egressi
1448 3837 1689 3904 fuimus
1747 3836 1829 3900 de
1904 3838 2188 3902 ecclesia
2247 3838 2316 3902 in
2375 3844 2769 3901 conventum
2846 3848 3052 3914 supra

697 3938 1038 4023 ambitum,
1083 3941 1237 4023 quia
1273 3945 1419 4027 ipse
1461 3944 1700 4007 chorus
1744 3950 1811 4004 et
1853 3942 2136 4006 ecclesia
2180 3951 2334 4007 sunt
2376 3959 2575 4025 supra
2616 3940 2745 4002 alia
2786 3937 3051 4001 habitu-

698 4043 849 4107 cula
907 4043 1281 4130 aedificata,
1341 4047 1436 4110 ita
1498 4046 1673 4132 quod
1725 4046 2012 4131 undique
2077 4067 2195 4131 per
2259 4046 2504 4129 gradus
2574 4046 2643 4109 in
2700 4042 3047 4108 ecclesiam

698 4147 1107 4233 ascenditur,
1167 4158 1233 4212 et
1295 4149 1379 4214 de
1421 4152 1706 4217 ecclesia
1745 4169 1946 4235 supra
1999 4152 2392 4217 testudInem
2436 4150 2705 4215 claustri
2744 4147 2857 4213 vel
2900 4165 3047 4214 am-

697 4252 873 4320 bitus
917 4254 1227 4319 circuitur
1267 4275 1388 4340 per
1428 4267 1564 4323 tres
1607 4266 1827 4345 partes
1869 4257 2118 4344 quadri.
2186 4257 2342 4322 Non
2386 4257 2557 4321 enim
2603 4255 2799 4319 habet
2838 4250 3050 4316 ambi-

699 4363 810 4424 tus
853 4360 980 4426 nisi
1021 4367 1160 4425 tres
1201 4347 1459 4448 partes,
1502 4372 1568 4426 et
1610 4374 1842 4452 quarta
1894 4371 2196 4452 pars'est
2236 4362 2561 4429 ecclesiae
2601 4374 2843 4425 murus.
2931 4354 3049 4419 Sic

3214 687 3222 729 ⁴
