3242 5259
1611 218 1743 284 ³44

514 397 802 473 offendit.
891 399 964 460 In
1025 416 1156 461 una
1203 407 1398 485 ρει-ιο
1467 397 1803 479 οικῆιιειὶιιοι
1855 408 2042 464 extra
2095 417 2345 469 murum
2370 409 2509 465 -est
2573 402 2860 466 cisterna

489 520 783 587 -magna,
822 503 1099 585 optimas
1142 502 1390 577 habens
1434 500 1676 586 aqffls,
1719 522 1836 586 pro
1880 503 2275 573 custodibus·
2296 505 2550 588 templi.
2641 507 2726 570 Et
2771 507 2857 569 ab

513 608 643 670 alia
700 603 885 690 parte
948 615 1051 669 est
1117 609 1318 671 etiam
1372 610 1591 672 exitus
1655 609 1722 671 in
1782 607 2108 692 quandum
2173 592 2421 673 curiam
2461 602 2615 673 ἰἰοιι
2680 619 2858 677 tecto

512 704 824 798 opertam,
851 720 917 775 et
960 710 1106 773 altis
1150 712 1353 775 muris
1399 695 1879 796 circumdatam,
1915 714 1983 774 iu
2024 731 2156 797 qua
2185 700 2536 802 ‘sunt'ieca
2557 714 2859 778 ·honesta

511 817 597 881 ad
659 835 823 901 opus
885 824 1162 879 naturae
1225 817 1569 901 agendum.
1668 819 1854 882 Haec
1920 818 2202 881 ecclesia
2266 818 2460 882 habet
2533 836 2855 882 annexam

510 911 733 1008 turrim
777 921 1008 1005 altam,
1053 920 1135 985 de
1177 921 1325 987 albo
1367 921 1585 1006 lapide
1628 923 1964 986 marmoris
2029 929 2357 1002 erectam,
2411 921 2480 986 iu'
2524 940 2654 1006 qua
2703 923 2856 986 olim

512 1013 878 1111 pendebant
921 1043 1323 1111 campanae,
1391 1045 1661 1109 quarum
1704 1027 1885 1110 ligna
1927 1033 1996 1090 et
2039 1025 2258 1090 trabes
2300 1025 2513 1090 adhuc
2552 1027 2858 1091 videntur

514 1133 849 1214 superine,
911 1131 980 1196 iu
1036 1132 1274 1214 quibus
1336 1127 1798 1215 pependerunt.
1885 1127 2020 1193 Sed
2080 1129 2336 1212 perdita
2393 1130 2855 1215 Hierosolyma

516 1252 873 1319 campanae
940 1254 1165 1299 omnes
1218 1235 1628 1321 dejecerunt,
1690 1254 1820 1298 non
1885 1236 2055 1297 enim
2119 1237 2441 1299 sustinent
2504 1253 2856 1318 campanas

512 1341 753 1425 pagani
797 1338 877 1403 de
920 1339 1045 1403 ritu
1070 1341 1484 1423 Maehometi,
1527 1341 1681 1424 quia
1723 1341 1791 1403 iu
1810 1339 2137 1404 Alcorano
2179 1359 2398 1404 eorum
2441 1350 2857 1425 praeceptum

517 1447 789 1529 habent,
856 1444 1027 1527 quod
1071 1464 1199 1509 uon
1266 1454 1529 1509 utantur
1571 1445 1904 1529 campanis
1959 1445 2045 1507 ad
2107 1444 2230 1507 Dei
2280 1446 2658 1529 servitium,
2732 1464 2858 1509 nec

513 1553 901 1646 sustineant.
985 1552 1071 1614 Et
1124 1560 1341 1615 tamen
1406 1552 1669 1633 dicitur,
1735 1547 1906 1635 quod
1971 1534 2248 1612 libenter
2312 1550 2570 1633 pulsum
2634 1550 2854 1614 earum

515 1657 795 1719 audiant.
880 1654 1017 1718 Sed
1060 1657 1271 1720 solum
1335 1656 1481 1720 ideo
1527 1674 1656 1718 non
1711 1655 1982 1738 habent,
2042 1674 2125 1717 ue
2183 1655 2370 1718 nobis
2422 1666 2650 1719 essent
2688 1674 2855 1720 con-

514 1761 810 1846 formes.-
863 1756 1054 1837 Quod
1095 1760 1478 1824 maledictus
1522 1760 1978 1825 Machometus
2017 1760 2259 1844 ubique
2300 1761 2648 1843 praecavit.

681 1867 868 1926 Haec
909 1865 1104 1926 turris
1145 1865 1351 1947 prima
1411 1874 1680 1947 apparet
1723 1874 1874 1927 ante
1928 1865 2175 1947 omnia,
2242 1865 2531 1927 venienti
2587 1863 2671 1927 de
2717 1864 2855 1926 Be-

515 1967 735 2031 thania
790 1968 857 2031 iu
906 1967 1306 2051 Jerusalem,
1373 1970 1541 2034 sicut
1597 1987 1802 2053 saepe
1858 1969 2285 2034 consideravi.
2367 1969 2601 2032 leen
2655 1985 2856 2051 super

514 2071 831 2135 ecelesiae
895 2070 1128 2134 ostium
1193 2081 1295 2136 est
1347 2073 1430 2136 de
1484 2072 1945 2138 candidissimo
2008 2091 2359 2156 marmore,
2424 2083 2490 2136 et
2545 2075 2626 2137 ab
2671 2081 2855 2137 extra

514 2182 620 2240 est
660 2156 986 2258 sculptum
1028 2174 1415 2260 imaginibus
1471 2176 1558 2240 de
1598 2179 1902 2262 ingressu
1945 2177 2207 2241 Domini
2245 2197 2442 2262 super
2485 2179 2737 2241 asinam
2779 2178 2851 2241 in

512 2281 917 2364 Jerusalem3
981 2287 1050 2343 et
1091 2280 1176 2344 de
1210 2281 1320 2344 1110
1323 2328 1353 2375 ,
1423 2283 1741 2366 quomodo
1772 2278 2081 2347 'ementes
2124 2292 2191 2347 et
2232 2283 2595 2348 vendentes
2659 2283 2856 2368 ejecit

513 2385 599 2449 de
640 2386 911 2469 temp103
956 2391 1023 2447 et
1068 2383 1149 2469 de
1191 2388 1686 2450 resuscitatione
1735 2388 1989 2452 Lazari.
2044 2388 2489 2452 Veruntamen
2533 2390 2856 2473 imagines

514 2502 669 2557 sunt
709 2491 1029 2555 violenter
1084 2489 1472 2575 destructae,
1515 2501 1579 2554 et
1623 2493 1960 2561 mutilatae
2001 2493 2322 2556 membris.
2382 2492 2596 2577 Super
2631 2491 2851 2558 eccle-

514 2597 657 2661 siae
696 2596 932 2660 valvas
973 2596 1235 2659 fuerunt
1272 2597 1438 2661 haec
1451 2598 1668 2664 “metra
1708 2598 2019 2681 inscripta
2057 2597 2397 2689 lapidibuS,
2425 2617 2594 2683 quae
2634 2607 2850 2662 tamen

517 2720 643 2828 ego
687 2700 910 2769 videre
952 2718 1082 2762 nou
1125 2701 1341 2786 potui·

846 2808 1033 2868 Διιιιο
1077 2805 1335 2870 milleno
1378 2815 1654 2871 centeno
1697 2824 1822 2890 que
1867 2807 2079 2870 minus
2119 2826 2268 2889 uuo,

847 2908 1241 2987 Quindecies
1274 2909 1436 2982 Nilo
1471 2910 1608 2994 jam
1651 2913 1886 2995 phoebi
1926 2912 2168 2976 lumine
2207 2919 2404 2995 tacto,

843 3014 1045 3078 Vitae
1083 3014 1232 3096 plus
1275 3033 1504 3078 sacrae
1545 3014 1762 3077 studio
1807 3034 1999 3099 quam
2040 3017 2335 3100 mitigare
2380 3033 2552 3104 acre,
2668 3080 2679 3097 ‚

840 3115 1210 3182 Jerusalem
1248 3118 1486 3182 Franci
1528 3120 1794 3203 capiunt
1834 3122 2076 3185 virtute
2116 3121 2384 3206 petenti.

683 3220 1040 3280 Columnae
1084 3239 1474 3286 marmoreae
1514 3226 2024 3307 pretiosissimae
2064 3236 2239 3290 stant
2279 3228 2347 3289 iu
2390 3226 2550 3290 atrio
2600 3226 2846 3311 templi,

515 3332 960 3388 Sustentautes
1008 3324 1220 3409 limen,
1264 3336 1326 3389 et
1367 3330 1686 3410 porticum
1729 3339 2053 3394 ornantes.
2095 3330 2175 3394 Si
2216 3331 2363 3415 quis
2404 3340 2619 3394 autem
2664 3332 2845 3414 cupit

515 3452 555 3492 η.
567 3432 739 3492 idere
807 3432 1072 3492 sormam
1144 3429 1333 3514 hujus
1409 3433 1662 3518 templi,
1732 3435 1954 3499 videat
2025 3433 2436 3519 peregrinale
2517 3437 2847 3520 magnifici

519 3536 751 3598 alumini
823 3548 892 3596 et
956 3536 1215 3620 ingenui
1287 3537 1444 3623 viri,
1517 3538 1775 3606 Domini
1830 3541 2187 3605 Bernhardi
2244 3541 2329 3604 de
2390 3540 2843 3625 Braitenbach,

514 3639 835 3705 ecelesiae
855 3626 1398 3725 metropolitanae
1427 3646 1944 3729 moguntinensis
1990 3645 2241 3729 decani,
2285 3654 2352 3708 et
2390 3645 2480 3708 ibi
2522 3636 2845 3729 depictam

503 3742 660 3827 §jus
706 3742 996 3827 effigiem
1060 3747 1224 3812 adeo
1284 3747 1460 3815 clare
1516 3750 1902 3836 intuebitur,
1965 3770 2044 3824 ac
2085 3753 2146 3816 si
2204 3751 2272 3821 in
2316 3751 2477 3815 atrio
2521 3750 2844 3816 ecclesiae

513 3846 723 3916 staret
767 3857 832 3912 et
856 3848 1145 3918 videret.
