<?xml version="1.0" encoding="UTF-8"?>
<!DOCTYPE html PUBLIC "-//W3C//DTD XHTML 1.0 Transitional//EN"
    "http://www.w3.org/TR/xhtml1/DTD/xhtml1-transitional.dtd">
<html xmlns="http://www.w3.org/1999/xhtml" xml:lang="en" lang="en">
 <head>
  <title>
</title>
<meta http-equiv="Content-Type" content="text/html;charset=utf-8" />
  <meta name='ocr-system' content='tesseract 3.04.00' />
  <meta name='ocr-capabilities' content='ocr_page ocr_carea ocr_par ocr_line ocrx_word'/>
</head>
<body>
  <div class='ocr_page' id='page_1' title='image "./fratrisfelicisf00unkngoog_0113.png"; bbox 0 0 3242 5259; ppageno 0'>
   <div class='ocr_carea' id='block_1_1' title="bbox 281 511 2659 710">
    <p class='ocr_par' dir='ltr' id='par_1_1' title="bbox 281 511 2659 708">
     <span class='ocr_line' id='line_1_1' title="bbox 281 511 2658 602; baseline 0.004 -26"><span class='ocrx_word' id='word_1_1' title='bbox 281 512 517 582; x_wconf 69' lang='lat' dir='ltr'><strong>aditu-i</strong></span> <span class='ocrx_word' id='word_1_2' title='bbox 557 513 774 598; x_wconf 76' lang='lat' dir='ltr'><strong>ipsum</strong></span> <span class='ocrx_word' id='word_1_3' title='bbox 830 511 1082 576; x_wconf 77' lang='lat' dir='ltr'><strong>Ducem</strong></span> <span class='ocrx_word' id='word_1_4' title='bbox 1126 529 1273 575; x_wconf 89' lang='lat' dir='ltr'><strong>cum</strong></span> <span class='ocrx_word' id='word_1_5' title='bbox 1321 512 1550 598; x_wconf 86' lang='lat' dir='ltr'><strong>literis,</strong></span> <span class='ocrx_word' id='word_1_6' title='bbox 1595 533 1761 599; x_wconf 80' lang='lat' dir='ltr'><strong>quas</strong></span> <span class='ocrx_word' id='word_1_7' title='bbox 1800 514 2280 602; x_wconf 66' lang='lat' dir='ltr'><strong>illustrissimus</strong></span> <span class='ocrx_word' id='word_1_8' title='bbox 2319 518 2658 588; x_wconf 71' lang='lat' dir='ltr'><strong>Arehtdux</strong></span> 
     </span>
     <span class='ocr_line' id='line_1_2' title="bbox 281 595 2659 710; baseline 0.004 -29"><span class='ocrx_word' id='word_1_9' title='bbox 281 620 592 683; x_wconf 83' lang='lat' dir='ltr'><strong>Austriae</strong></span> <span class='ocrx_word' id='word_1_10' title='bbox 635 595 1106 701; x_wconf 73' lang='lat' dir='ltr'>sigismundus</span> <span class='ocrx_word' id='word_1_11' title='bbox 1173 616 1526 683; x_wconf 74' lang='lat' dir='ltr'><strong>tradiderat</strong></span> <span class='ocrx_word' id='word_1_12' title='bbox 1595 618 1893 710; x_wconf 61' lang='lat' dir='ltr'><strong>Dominis</strong></span> <span class='ocrx_word' id='word_1_13' title='bbox 1944 625 2108 688; x_wconf 64' lang='lat' dir='ltr'><strong>mds</strong></span> <span class='ocrx_word' id='word_1_14' title='bbox 2163 623 2289 688; x_wconf 84' lang='lat' dir='ltr'><strong>sibi</strong></span> <span class='ocrx_word' id='word_1_15' title='bbox 2339 633 2659 708; x_wconf 58' lang='lat' dir='ltr'><strong>praesm-</strong></span> 
     </span>
    </p>
   </div>
   <div class='ocr_carea' id='block_1_2' title="bbox 283 701 2729 4484">
    <p class='ocr_par' dir='ltr' id='par_1_2' title="bbox 283 701 2729 2680">
     <span class='ocr_line' id='line_1_3' title="bbox 285 701 2689 816; baseline 0.003 -28"><span class='ocrx_word' id='word_1_16' title='bbox 285 724 549 806; x_wconf 86' lang='lat' dir='ltr'><strong>tandas,</strong></span> <span class='ocrx_word' id='word_1_17' title='bbox 591 731 665 787; x_wconf 90' lang='lat' dir='ltr'><strong>ut</strong></span> <span class='ocrx_word' id='word_1_18' title='bbox 705 731 885 806; x_wconf 86' lang='lat' dir='ltr'><strong>patet</strong></span> <span class='ocrx_word' id='word_1_19' title='bbox 927 731 1171 804; x_wconf 77' lang='lat' dir='ltr'><strong>supra,</strong></span> <span class='ocrx_word' id='word_1_20' title='bbox 1220 722 1334 792; x_wconf 82' lang='lat' dir='ltr'><strong>sol.</strong></span> <span class='ocrx_word' id='word_1_21' title='bbox 1374 724 1479 788; x_wconf 69' lang='grc' dir='ltr'><strong>ΞΒ.</strong></span> <span class='ocrx_word' id='word_1_22' title='bbox 1526 725 1650 787; x_wconf 90' lang='lat' dir='ltr'><strong>sub</strong></span> <span class='ocrx_word' id='word_1_23' title='bbox 1696 701 1803 788; x_wconf 87' lang='lat' dir='ltr'><strong>die</strong></span> <span class='ocrx_word' id='word_1_24' title='bbox 1852 724 1949 793; x_wconf 73' lang='lat'><strong>17.</strong></span> <span class='ocrx_word' id='word_1_25' title='bbox 2016 727 2457 794; x_wconf 82' lang='lat' dir='ltr'><strong>Ascendimus</strong></span> <span class='ocrx_word' id='word_1_26' title='bbox 2498 737 2689 816; x_wconf 59' lang='lat' dir='ltr'><strong>erge·-</strong></span> 
     </span>
     <span class='ocr_line' id='line_1_4' title="bbox 287 826 2655 934; baseline 0.003 -40"><span class='ocrx_word' id='word_1_27' title='bbox 287 830 370 906; x_wconf 81' lang='lat' dir='ltr'><strong>de</strong></span> <span class='ocrx_word' id='word_1_28' title='bbox 411 831 592 898; x_wconf 76' lang='lat' dir='ltr'><strong>curia</strong></span> <span class='ocrx_word' id='word_1_29' title='bbox 639 827 861 912; x_wconf 85' lang='lat' dir='ltr'><strong>palatii</strong></span> <span class='ocrx_word' id='word_1_30' title='bbox 912 846 1030 911; x_wconf 91' lang='lat' dir='ltr'><strong>per</strong></span> <span class='ocrx_word' id='word_1_31' title='bbox 1100 826 1393 910; x_wconf 70' lang='lat' dir='ltr'><strong>lapideos</strong></span> <span class='ocrx_word' id='word_1_32' title='bbox 1435 828 1700 912; x_wconf 79' lang='lat' dir='ltr'><strong>‘gradus</strong></span> <span class='ocrx_word' id='word_1_33' title='bbox 1759 829 1843 894; x_wconf 87' lang='lat' dir='ltr'><strong>ad</strong></span> <span class='ocrx_word' id='word_1_34' title='bbox 1886 833 2194 904; x_wconf 86' lang='lat' dir='ltr'><strong>ambitum</strong></span> <span class='ocrx_word' id='word_1_35' title='bbox 2267 833 2522 934; x_wconf 54' lang='lat' dir='ltr'>ffllaffi&#39;</span> <span class='ocrx_word' id='word_1_36' title='bbox 2586 844 2655 900; x_wconf 75' lang='lat' dir='ltr'><strong>et</strong></span> 
     </span>
     <span class='ocr_line' id='line_1_5' title="bbox 286 931 2689 1004; baseline 0.002 -6"><span class='ocrx_word' id='word_1_37' title='bbox 286 944 440 1000; x_wconf 72' lang='lat' dir='ltr'><strong>anto</strong></span> <span class='ocrx_word' id='word_1_38' title='bbox 478 935 880 1000; x_wconf 68' lang='lat' dir='ltr'><strong>Praetorium</strong></span> <span class='ocrx_word' id='word_1_39' title='bbox 932 940 1186 994; x_wconf 87' lang='lat' dir='ltr'><strong>stantes</strong></span> <span class='ocrx_word' id='word_1_40' title='bbox 1250 934 1590 998; x_wconf 76' lang='lat' dir='ltr'><strong>intromitti</strong></span> <span class='ocrx_word' id='word_1_41' title='bbox 1634 935 1717 999; x_wconf 85' lang='lat' dir='ltr'><strong>ad</strong></span> <span class='ocrx_word' id='word_1_42' title='bbox 1792 934 2107 1001; x_wconf 79' lang='lat' dir='ltr'><strong>Senatum</strong></span> <span class='ocrx_word' id='word_1_43' title='bbox 2154 947 2222 1000; x_wconf 88' lang='lat' dir='ltr'><strong>et</strong></span> <span class='ocrx_word' id='word_1_44' title='bbox 2264 931 2689 1004; x_wconf 64' lang='lat' dir='ltr'><strong>audientiam*-</strong></span> 
     </span>
     <span class='ocr_line' id='line_1_6' title="bbox 287 1035 2652 1124; baseline 0.001 -22"><span class='ocrx_word' id='word_1_45' title='bbox 287 1040 782 1124; x_wconf 70' lang='lat' dir='ltr'><strong>postulavimus.</strong></span> <span class='ocrx_word' id='word_1_46' title='bbox 870 1035 1112 1099; x_wconf 86' lang='lat' dir='ltr'><strong>Statim</strong></span> <span class='ocrx_word' id='word_1_47' title='bbox 1154 1045 1371 1100; x_wconf 89' lang='lat' dir='ltr'><strong>autem</strong></span> <span class='ocrx_word' id='word_1_48' title='bbox 1409 1039 1767 1103; x_wconf 69' lang='lat' dir='ltr'><strong>intromissi</strong></span> <span class='ocrx_word' id='word_1_49' title='bbox 1820 1058 2051 1108; x_wconf 85' lang='lat' dir='ltr'><strong>sumus</strong></span> <span class='ocrx_word' id='word_1_50' title='bbox 2094 1042 2164 1106; x_wconf 92' lang='lat' dir='ltr'><strong>in</strong></span> <span class='ocrx_word' id='word_1_51' title='bbox 2208 1042 2418 1106; x_wconf 84' lang='lat' dir='ltr'><strong>locum</strong></span> <span class='ocrx_word' id='word_1_52' title='bbox 2469 1042 2652 1106; x_wconf 85' lang='lat' dir='ltr'><strong>Con-</strong></span> 
     </span>
     <span class='ocr_line' id='line_1_7' title="bbox 286 1129 2651 1229; baseline 0.001 -21"><span class='ocrx_word' id='word_1_53' title='bbox 286 1146 539 1225; x_wconf 75' lang='lat' dir='ltr'><strong>stflnm,</strong></span> <span class='ocrx_word' id='word_1_54' title='bbox 580 1152 647 1205; x_wconf 84' lang='lat' dir='ltr'><strong>et</strong></span> <span class='ocrx_word' id='word_1_55' title='bbox 685 1151 839 1206; x_wconf 89' lang='lat' dir='ltr'><strong>ante</strong></span> <span class='ocrx_word' id='word_1_56' title='bbox 882 1141 1135 1205; x_wconf 88' lang='lat' dir='ltr'><strong>Ducem</strong></span> <span class='ocrx_word' id='word_1_57' title='bbox 1179 1150 1248 1202; x_wconf 80' lang='lat' dir='ltr'><strong>et</strong></span> <span class='ocrx_word' id='word_1_58' title='bbox 1261 1135 1644 1206; x_wconf 71' lang='lat' dir='ltr'><strong>&#39;Senatores</strong></span> <span class='ocrx_word' id='word_1_59' title='bbox 1687 1129 2045 1216; x_wconf 61' lang='lat' dir='ltr'><strong>constfluti.</strong></span> <span class='ocrx_word' id='word_1_60' title='bbox 2128 1146 2448 1209; x_wconf 75' lang='lat' dir='ltr'><strong>Dominus</strong></span> <span class='ocrx_word' id='word_1_61' title='bbox 2490 1163 2651 1229; x_wconf 83' lang='lat' dir='ltr'><strong>ergo</strong></span> 
     </span>
     <span class='ocr_line' id='line_1_8' title="bbox 283 1233 2729 1330; baseline -0.001 -13"><span class='ocrx_word' id='word_1_62' title='bbox 283 1254 626 1316; x_wconf 84' lang='lat' dir='ltr'><strong>Jobanues</strong></span> <span class='ocrx_word' id='word_1_63' title='bbox 670 1248 752 1311; x_wconf 89' lang='lat' dir='ltr'><strong>de</strong></span> <span class='ocrx_word' id='word_1_64' title='bbox 773 1245 1105 1330; x_wconf 82' lang='lat' dir='ltr'><strong>Cymbern</strong></span> <span class='ocrx_word' id='word_1_65' title='bbox 1126 1233 1334 1329; x_wconf 56' lang='lat' dir='ltr'><strong>Baro}</strong></span> <span class='ocrx_word' id='word_1_66' title='bbox 1364 1255 1560 1314; x_wconf 71' lang='lat' dir='ltr'><strong>ma&#39;nt</strong></span> <span class='ocrx_word' id='word_1_67' title='bbox 1594 1247 1869 1313; x_wconf 85' lang='lat' dir='ltr'><strong>elevans</strong></span> <span class='ocrx_word' id='word_1_68' title='bbox 1904 1250 2294 1316; x_wconf 82' lang='lat' dir='ltr'><strong>Archiducis</strong></span> <span class='ocrx_word' id='word_1_69' title='bbox 2340 1251 2652 1314; x_wconf 83' lang='lat' dir='ltr'><strong>Austriae</strong></span> <span class='ocrx_word' id='word_1_70' title='bbox 2708 1233 2729 1248; x_wconf 57' lang='lat'>⁸</span> 
     </span>
     <span class='ocr_line' id='line_1_9' title="bbox 287 1349 2647 1440; baseline -0.001 -18"><span class='ocrx_word' id='word_1_71' title='bbox 287 1357 546 1440; x_wconf 82' lang='lat' dir='ltr'><strong>literas,</strong></span> <span class='ocrx_word' id='word_1_72' title='bbox 615 1365 681 1418; x_wconf 88' lang='lat' dir='ltr'><strong>et</strong></span> <span class='ocrx_word' id='word_1_73' title='bbox 736 1353 1078 1437; x_wconf 72' lang='lat' dir='ltr'><strong>disciplina</strong></span> <span class='ocrx_word' id='word_1_74' title='bbox 1141 1349 1570 1415; x_wconf 87' lang='lat' dir='ltr'><strong>curialissima</strong></span> <span class='ocrx_word' id='word_1_75' title='bbox 1633 1354 1922 1417; x_wconf 85' lang='lat' dir='ltr'><strong>accessit</strong></span> <span class='ocrx_word' id='word_1_76' title='bbox 1963 1354 2030 1417; x_wconf 92' lang='lat' dir='ltr'><strong>in</strong></span> <span class='ocrx_word' id='word_1_77' title='bbox 2073 1354 2388 1439; x_wconf 84' lang='lat' dir='ltr'><strong>medium,</strong></span> <span class='ocrx_word' id='word_1_78' title='bbox 2452 1364 2517 1418; x_wconf 90' lang='lat' dir='ltr'><strong>et</strong></span> <span class='ocrx_word' id='word_1_79' title='bbox 2560 1353 2647 1420; x_wconf 89' lang='lat' dir='ltr'><strong>ad</strong></span> 
     </span>
     <span class='ocr_line' id='line_1_10' title="bbox 295 1458 2649 1540; baseline -0.001 -14"><span class='ocrx_word' id='word_1_80' title='bbox 295 1465 549 1528; x_wconf 86' lang='lat' dir='ltr'><strong>Ducem</strong></span> <span class='ocrx_word' id='word_1_81' title='bbox 569 1462 966 1530; x_wconf 78' lang='lat' dir='ltr'><strong>Venetorum</strong></span> <span class='ocrx_word' id='word_1_82' title='bbox 998 1458 1301 1539; x_wconf 83' lang='lat' dir='ltr'><strong>accessit,</strong></span> <span class='ocrx_word' id='word_1_83' title='bbox 1330 1459 1522 1540; x_wconf 91' lang='lat' dir='ltr'><strong>eique</strong></span> <span class='ocrx_word' id='word_1_84' title='bbox 1560 1477 1677 1521; x_wconf 91' lang='lat' dir='ltr'><strong>eos</strong></span> <span class='ocrx_word' id='word_1_85' title='bbox 1715 1459 1941 1523; x_wconf 89' lang='lat' dir='ltr'><strong>curiali</strong></span> <span class='ocrx_word' id='word_1_86' title='bbox 1980 1462 2350 1524; x_wconf 89' lang='lat' dir='ltr'><strong>reverentia</strong></span> <span class='ocrx_word' id='word_1_87' title='bbox 2386 1458 2649 1526; x_wconf 77' lang='lat' dir='ltr'><strong>tradidit</strong></span> 
     </span>
     <span class='ocr_line' id='line_1_11' title="bbox 288 1561 2650 1649; baseline -0.002 -17"><span class='ocrx_word' id='word_1_88' title='bbox 288 1579 355 1632; x_wconf 91' lang='lat' dir='ltr'><strong>et</strong></span> <span class='ocrx_word' id='word_1_89' title='bbox 397 1578 572 1631; x_wconf 90' lang='lat' dir='ltr'><strong>retro</strong></span> <span class='ocrx_word' id='word_1_90' title='bbox 613 1565 824 1649; x_wconf 87' lang='lat' dir='ltr'><strong>gradu</strong></span> <span class='ocrx_word' id='word_1_91' title='bbox 866 1562 1224 1632; x_wconf 79' lang='lat' dir='ltr'><strong>descendit.</strong></span> <span class='ocrx_word' id='word_1_92' title='bbox 1281 1561 1466 1625; x_wconf 82' lang='lat' dir='ltr'><strong>-Dux</strong></span> <span class='ocrx_word' id='word_1_93' title='bbox 1510 1583 1668 1627; x_wconf 88' lang='lat' dir='ltr'><strong>vero</strong></span> <span class='ocrx_word' id='word_1_94' title='bbox 1730 1565 2098 1647; x_wconf 85' lang='lat' dir='ltr'><strong>respiciens</strong></span> <span class='ocrx_word' id='word_1_95' title='bbox 2172 1564 2469 1649; x_wconf 77' lang='lat' dir='ltr'><strong>sigillum</strong></span> <span class='ocrx_word' id='word_1_96' title='bbox 2502 1581 2650 1628; x_wconf 71' lang='lat' dir='ltr'><strong>mm</strong></span> 
     </span>
     <span class='ocr_line' id='line_1_12' title="bbox 289 1667 2649 1758; baseline -0.003 -20"><span class='ocrx_word' id='word_1_97' title='bbox 289 1674 746 1758; x_wconf 84' lang='lat' dir='ltr'><strong>cognovisset,</strong></span> <span class='ocrx_word' id='word_1_98' title='bbox 790 1669 1207 1734; x_wconf 89' lang='lat' dir='ltr'><strong>deosculatus</strong></span> <span class='ocrx_word' id='word_1_99' title='bbox 1253 1677 1354 1730; x_wconf 82' lang='lat' dir='ltr'><strong>est</strong></span> <span class='ocrx_word' id='word_1_100' title='bbox 1400 1667 1687 1750; x_wconf 55' lang='lat' dir='ltr'><strong>s’gillum</strong></span> <span class='ocrx_word' id='word_1_101' title='bbox 1737 1670 1974 1753; x_wconf 87' lang='lat' dir='ltr'><strong>ipsum,</strong></span> <span class='ocrx_word' id='word_1_102' title='bbox 2021 1689 2297 1753; x_wconf 89' lang='lat' dir='ltr'><strong>eumque</strong></span> <span class='ocrx_word' id='word_1_103' title='bbox 2341 1687 2649 1733; x_wconf 86' lang='lat' dir='ltr'><strong>assesso-</strong></span> 
     </span>
     <span class='ocr_line' id='line_1_13' title="bbox 290 1773 2648 1858; baseline -0.002 -15"><span class='ocrx_word' id='word_1_104' title='bbox 290 1780 469 1843; x_wconf 85' lang='lat' dir='ltr'><strong>ribus</strong></span> <span class='ocrx_word' id='word_1_105' title='bbox 513 1773 1021 1841; x_wconf 86' lang='lat' dir='ltr'><strong>deosculandum</strong></span> <span class='ocrx_word' id='word_1_106' title='bbox 1065 1773 1382 1856; x_wconf 86' lang='lat' dir='ltr'><strong>praebuit.</strong></span> <span class='ocrx_word' id='word_1_107' title='bbox 1463 1775 1547 1836; x_wconf 90' lang='lat' dir='ltr'><strong>Et</strong></span> <span class='ocrx_word' id='word_1_108' title='bbox 1591 1773 1747 1837; x_wconf 87' lang='lat' dir='ltr'><strong>fecit</strong></span> <span class='ocrx_word' id='word_1_109' title='bbox 1791 1775 1924 1858; x_wconf 86' lang='lat' dir='ltr'><strong>legi</strong></span> <span class='ocrx_word' id='word_1_110' title='bbox 1969 1775 2218 1840; x_wconf 89' lang='lat' dir='ltr'><strong>literam</strong></span> <span class='ocrx_word' id='word_1_111' title='bbox 2253 1777 2321 1837; x_wconf 93' lang='lat' dir='ltr'><strong>in</strong></span> <span class='ocrx_word' id='word_1_112' title='bbox 2363 1775 2648 1840; x_wconf 82' lang='lat' dir='ltr'><strong>omnium</strong></span> 
     </span>
     <span class='ocr_line' id='line_1_14' title="bbox 285 1877 2651 1963; baseline -0.003 -15"><span class='ocrx_word' id='word_1_113' title='bbox 285 1884 636 1950; x_wconf 89' lang='lat' dir='ltr'><strong>audientia.</strong></span> <span class='ocrx_word' id='word_1_114' title='bbox 716 1879 864 1958; x_wconf 84' lang='lat' dir='ltr'><strong>Qua</strong></span> <span class='ocrx_word' id='word_1_115' title='bbox 903 1878 1125 1942; x_wconf 88' lang='lat' dir='ltr'><strong>audita</strong></span> <span class='ocrx_word' id='word_1_116' title='bbox 1166 1879 1447 1950; x_wconf 82' lang='lat' dir='ltr'><strong>surrexit</strong></span> <span class='ocrx_word' id='word_1_117' title='bbox 1486 1877 1661 1960; x_wconf 88' lang='lat' dir='ltr'><strong>Dux,</strong></span> <span class='ocrx_word' id='word_1_118' title='bbox 1706 1887 1773 1942; x_wconf 90' lang='lat' dir='ltr'><strong>et</strong></span> <span class='ocrx_word' id='word_1_119' title='bbox 1810 1898 1930 1962; x_wconf 89' lang='lat' dir='ltr'><strong>per</strong></span> <span class='ocrx_word' id='word_1_120' title='bbox 1964 1880 2376 1963; x_wconf 86' lang='lat' dir='ltr'><strong>interpretem</strong></span> <span class='ocrx_word' id='word_1_121' title='bbox 2419 1878 2651 1950; x_wconf 72' lang='lat' dir='ltr'><strong>obtulit</strong></span> 
     </span>
     <span class='ocr_line' id='line_1_15' title="bbox 288 1983 2645 2067; baseline -0.003 -12"><span class='ocrx_word' id='word_1_122' title='bbox 288 2008 368 2055; x_wconf 87' lang='lat' dir='ltr'><strong>se</strong></span> <span class='ocrx_word' id='word_1_123' title='bbox 406 1989 492 2055; x_wconf 78' lang='lat' dir='ltr'><strong>ad</strong></span> <span class='ocrx_word' id='word_1_124' title='bbox 529 1988 747 2054; x_wconf 73' lang='lat' dir='ltr'><strong>emula</strong></span> <span class='ocrx_word' id='word_1_125' title='bbox 782 1983 1208 2067; x_wconf 80' lang='lat' dir='ltr'><strong>beneplacita·</strong></span> <span class='ocrx_word' id='word_1_126' title='bbox 1232 1983 1657 2056; x_wconf 83' lang='lat' dir='ltr'><strong>Dominorum</strong></span> <span class='ocrx_word' id='word_1_127' title='bbox 1706 1986 2227 2067; x_wconf 65' lang='lat' dir='ltr'><strong>peregrinorum,</strong></span> <span class='ocrx_word' id='word_1_128' title='bbox 2280 1994 2347 2047; x_wconf 90' lang='lat' dir='ltr'><strong>et</strong></span> <span class='ocrx_word' id='word_1_129' title='bbox 2390 1984 2645 2050; x_wconf 77' lang='lat' dir='ltr'><strong>vocatis</strong></span> 
     </span>
     <span class='ocr_line' id='line_1_16' title="bbox 289 2088 2648 2177; baseline -0.004 -18"><span class='ocrx_word' id='word_1_130' title='bbox 289 2096 377 2159; x_wconf 92' lang='lat' dir='ltr'><strong>ad</strong></span> <span class='ocrx_word' id='word_1_131' title='bbox 419 2112 497 2156; x_wconf 88' lang='lat' dir='ltr'><strong>se</strong></span> <span class='ocrx_word' id='word_1_132' title='bbox 538 2090 843 2177; x_wconf 88' lang='lat' dir='ltr'><strong>singulis,</strong></span> <span class='ocrx_word' id='word_1_133' title='bbox 890 2089 989 2151; x_wconf 87' lang='lat' dir='ltr'><strong>eis</strong></span> <span class='ocrx_word' id='word_1_134' title='bbox 1033 2107 1292 2152; x_wconf 90' lang='lat' dir='ltr'><strong>manum</strong></span> <span class='ocrx_word' id='word_1_135' title='bbox 1335 2089 1651 2172; x_wconf 89' lang='lat' dir='ltr'><strong>praebuit,</strong></span> <span class='ocrx_word' id='word_1_136' title='bbox 1697 2098 1761 2151; x_wconf 89' lang='lat' dir='ltr'><strong>et</strong></span> <span class='ocrx_word' id='word_1_137' title='bbox 1804 2088 1888 2152; x_wconf 89' lang='lat' dir='ltr'><strong>ad</strong></span> <span class='ocrx_word' id='word_1_138' title='bbox 1929 2108 2006 2152; x_wconf 91' lang='lat' dir='ltr'><strong>se</strong></span> <span class='ocrx_word' id='word_1_139' title='bbox 2047 2090 2311 2154; x_wconf 79' lang='lat' dir='ltr'><strong>trahens</strong></span> <span class='ocrx_word' id='word_1_140' title='bbox 2353 2088 2648 2168; x_wconf 69' lang='lat' dir='ltr'><strong>osculum</strong></span> 
     </span>
     <span class='ocr_line' id='line_1_17' title="bbox 299 2177 2646 2275; baseline -0.002 -16"><span class='ocrx_word' id='word_1_141' title='bbox 299 2194 491 2260; x_wconf 89' lang='lat' dir='ltr'><strong>modo</strong></span> <span class='ocrx_word' id='word_1_142' title='bbox 567 2194 786 2260; x_wconf 87' lang='lat' dir='ltr'><strong>italico</strong></span> <span class='ocrx_word' id='word_1_143' title='bbox 858 2192 1054 2256; x_wconf 84' lang='lat' dir='ltr'><strong>dedit.</strong></span> <span class='ocrx_word' id='word_1_144' title='bbox 1121 2177 1304 2256; x_wconf 67' lang='lat' dir='ltr'><strong>‚Hoc</strong></span> <span class='ocrx_word' id='word_1_145' title='bbox 1369 2192 1542 2257; x_wconf 86' lang='lat' dir='ltr'><strong>facto</strong></span> <span class='ocrx_word' id='word_1_146' title='bbox 1598 2194 1925 2275; x_wconf 75' lang='lat' dir='ltr'><strong>petierunt</strong></span> <span class='ocrx_word' id='word_1_147' title='bbox 1986 2194 2247 2257; x_wconf 85' lang='lat' dir='ltr'><strong>Domini</strong></span> <span class='ocrx_word' id='word_1_148' title='bbox 2316 2192 2646 2274; x_wconf 66' lang='lat' dir='ltr'><strong>peregrini</strong></span> 
     </span>
     <span class='ocr_line' id='line_1_18' title="bbox 299 2293 2646 2384; baseline -0.003 -18"><span class='ocrx_word' id='word_1_149' title='bbox 299 2298 787 2384; x_wconf 78' lang='lat' dir='ltr'><strong>promotoriales</strong></span> <span class='ocrx_word' id='word_1_150' title='bbox 828 2297 1076 2384; x_wconf 80' lang='lat' dir='ltr'><strong>literas·</strong></span> <span class='ocrx_word' id='word_1_151' title='bbox 1097 2293 1182 2360; x_wconf 84' lang='lat' dir='ltr'><strong>ad</strong></span> <span class='ocrx_word' id='word_1_152' title='bbox 1227 2296 1655 2380; x_wconf 87' lang='lat' dir='ltr'><strong>Capitaneum</strong></span> <span class='ocrx_word' id='word_1_153' title='bbox 1726 2298 1923 2360; x_wconf 87' lang='lat' dir='ltr'><strong>maris</strong></span> <span class='ocrx_word' id='word_1_154' title='bbox 1962 2297 2378 2380; x_wconf 77' lang='lat' dir='ltr'><strong>generalem,</strong></span> <span class='ocrx_word' id='word_1_155' title='bbox 2442 2304 2508 2357; x_wconf 90' lang='lat' dir='ltr'><strong>et</strong></span> <span class='ocrx_word' id='word_1_156' title='bbox 2560 2294 2646 2360; x_wconf 79' lang='lat' dir='ltr'><strong>ad</strong></span> 
     </span>
     <span class='ocr_line' id='line_1_19' title="bbox 294 2401 2643 2487; baseline -0.003 -20"><span class='ocrx_word' id='word_1_157' title='bbox 294 2403 650 2468; x_wconf 88' lang='lat' dir='ltr'><strong>insularum</strong></span> <span class='ocrx_word' id='word_1_158' title='bbox 712 2402 1118 2487; x_wconf 83' lang='lat' dir='ltr'><strong>praefectos,</strong></span> <span class='ocrx_word' id='word_1_159' title='bbox 1193 2412 1298 2486; x_wconf 89' lang='lat' dir='ltr'><strong>ut,</strong></span> <span class='ocrx_word' id='word_1_160' title='bbox 1355 2404 1416 2467; x_wconf 89' lang='lat' dir='ltr'><strong>si</strong></span> <span class='ocrx_word' id='word_1_161' title='bbox 1491 2402 1854 2468; x_wconf 85' lang='lat' dir='ltr'><strong>necessitas</strong></span> <span class='ocrx_word' id='word_1_162' title='bbox 1932 2404 2258 2485; x_wconf 82' lang='lat' dir='ltr'><strong>exigeret,</strong></span> <span class='ocrx_word' id='word_1_163' title='bbox 2334 2401 2643 2462; x_wconf 85' lang='lat' dir='ltr'><strong>invocare</strong></span> 
     </span>
     <span class='ocr_line' id='line_1_20' title="bbox 286 2504 2645 2594; baseline -0.001 -22"><span class='ocrx_word' id='word_1_164' title='bbox 286 2509 660 2594; x_wconf 85' lang='lat' dir='ltr'><strong>praedictos</strong></span> <span class='ocrx_word' id='word_1_165' title='bbox 701 2517 995 2591; x_wconf 85' lang='lat' dir='ltr'><strong>possent.</strong></span> <span class='ocrx_word' id='word_1_166' title='bbox 1048 2507 1134 2570; x_wconf 86' lang='lat' dir='ltr'><strong>Et</strong></span> <span class='ocrx_word' id='word_1_167' title='bbox 1168 2511 1387 2573; x_wconf 85' lang='lat' dir='ltr'><strong>statim</strong></span> <span class='ocrx_word' id='word_1_168' title='bbox 1426 2508 1957 2592; x_wconf 85' lang='lat' dir='ltr'><strong>impetraverunt,</strong></span> <span class='ocrx_word' id='word_1_169' title='bbox 1982 2514 2051 2568; x_wconf 92' lang='lat' dir='ltr'><strong>et</strong></span> <span class='ocrx_word' id='word_1_170' title='bbox 2087 2505 2295 2568; x_wconf 87' lang='lat' dir='ltr'><strong>literis</strong></span> <span class='ocrx_word' id='word_1_171' title='bbox 2328 2504 2645 2570; x_wconf 80' lang='lat' dir='ltr'><strong>confectis</strong></span> 
     </span>
     <span class='ocr_line' id='line_1_21' title="bbox 292 2612 1126 2680; baseline -0.004 -3"><span class='ocrx_word' id='word_1_172' title='bbox 292 2614 483 2680; x_wconf 78' lang='lat' dir='ltr'><strong>nobis</strong></span> <span class='ocrx_word' id='word_1_173' title='bbox 531 2612 809 2676; x_wconf 87' lang='lat' dir='ltr'><strong>traditae</strong></span> <span class='ocrx_word' id='word_1_174' title='bbox 851 2613 1126 2676; x_wconf 89' lang='lat' dir='ltr'><strong>fuerunt.</strong></span> 
     </span>
    </p>

    <p class='ocr_par' dir='ltr' id='par_1_3' title="bbox 283 2711 2669 4484">
     <span class='ocr_line' id='line_1_22' title="bbox 457 2711 2648 2803; baseline -0 -24"><span class='ocrx_word' id='word_1_175' title='bbox 457 2719 675 2780; x_wconf 79' lang='lat' dir='ltr'><strong>Tertia</strong></span> <span class='ocrx_word' id='word_1_176' title='bbox 717 2716 853 2801; x_wconf 92' lang='lat' dir='ltr'><strong>die,</strong></span> <span class='ocrx_word' id='word_1_177' title='bbox 916 2736 1085 2803; x_wconf 90' lang='lat' dir='ltr'><strong>quae</strong></span> <span class='ocrx_word' id='word_1_178' title='bbox 1126 2724 1231 2779; x_wconf 87' lang='lat' dir='ltr'><strong>est</strong></span> <span class='ocrx_word' id='word_1_179' title='bbox 1290 2715 1528 2780; x_wconf 88' lang='lat' dir='ltr'><strong>festum</strong></span> <span class='ocrx_word' id='word_1_180' title='bbox 1569 2713 1978 2778; x_wconf 88' lang='lat' dir='ltr'><strong>Inventiouis</strong></span> <span class='ocrx_word' id='word_1_181' title='bbox 2022 2711 2095 2776; x_wconf 82' lang='lat' dir='ltr'><strong>S.</strong></span> <span class='ocrx_word' id='word_1_182' title='bbox 2144 2711 2402 2794; x_wconf 87' lang='lat' dir='ltr'><strong>Crucis,</strong></span> <span class='ocrx_word' id='word_1_183' title='bbox 2453 2711 2648 2778; x_wconf 81' lang='lat' dir='ltr'><strong>navi-</strong></span> 
     </span>
     <span class='ocr_line' id='line_1_23' title="bbox 286 2813 2648 2907; baseline -0.003 -20"><span class='ocrx_word' id='word_1_184' title='bbox 286 2823 593 2907; x_wconf 84' lang='lat' dir='ltr'><strong>gavimus</strong></span> <span class='ocrx_word' id='word_1_185' title='bbox 636 2821 719 2886; x_wconf 87' lang='lat' dir='ltr'><strong>ad</strong></span> <span class='ocrx_word' id='word_1_186' title='bbox 773 2823 1124 2888; x_wconf 82' lang='lat' dir='ltr'><strong>ecclesiam</strong></span> <span class='ocrx_word' id='word_1_187' title='bbox 1168 2821 1239 2885; x_wconf 88' lang='lat' dir='ltr'><strong>S.</strong></span> <span class='ocrx_word' id='word_1_188' title='bbox 1291 2821 1558 2902; x_wconf 63' lang='lat' dir='ltr'><strong>Crucis,</strong></span> <span class='ocrx_word' id='word_1_189' title='bbox 1621 2829 1684 2881; x_wconf 89' lang='lat' dir='ltr'><strong>et</strong></span> <span class='ocrx_word' id='word_1_190' title='bbox 1729 2819 1946 2883; x_wconf 84' lang='lat' dir='ltr'><strong>officio</strong></span> <span class='ocrx_word' id='word_1_191' title='bbox 1993 2820 2083 2882; x_wconf 91' lang='lat' dir='ltr'><strong>ibi</strong></span> <span class='ocrx_word' id='word_1_192' title='bbox 2118 2813 2345 2881; x_wconf 58' lang='lat' dir='ltr'><strong>andito</strong></span> <span class='ocrx_word' id='word_1_193' title='bbox 2407 2833 2648 2898; x_wconf 87' lang='lat' dir='ltr'><strong>corpus</strong></span> 
     </span>
     <span class='ocr_line' id='line_1_24' title="bbox 288 2923 2669 3020; baseline -0.003 -28"><span class='ocrx_word' id='word_1_194' title='bbox 288 2928 358 2993; x_wconf 88' lang='lat' dir='ltr'><strong>S.</strong></span> <span class='ocrx_word' id='word_1_195' title='bbox 397 2929 749 2996; x_wconf 85' lang='lat' dir='ltr'><strong>Athanasii</strong></span> <span class='ocrx_word' id='word_1_196' title='bbox 789 2930 880 2992; x_wconf 92' lang='lat' dir='ltr'><strong>ibi</strong></span> <span class='ocrx_word' id='word_1_197' title='bbox 935 2927 1460 3020; x_wconf 64' lang='lat' dir='ltr'><strong>conquiescentis</strong></span> <span class='ocrx_word' id='word_1_198' title='bbox 1503 2926 1827 3012; x_wconf 77' lang='lat' dir='ltr'><strong>vidimus²</strong></span> <span class='ocrx_word' id='word_1_199' title='bbox 1880 2933 1945 3012; x_wconf 70' lang='lat' dir='ltr'><strong>qt</strong></span> <span class='ocrx_word' id='word_1_200' title='bbox 1989 2923 2345 2987; x_wconf 89' lang='lat' dir='ltr'><strong>deosculati</strong></span> <span class='ocrx_word' id='word_1_201' title='bbox 2386 2937 2669 3008; x_wconf 53' lang='lat' dir='ltr'><strong>sumusz,</strong></span> 
     </span>
     <span class='ocr_line' id='line_1_25' title="bbox 290 3027 2647 3116; baseline -0.005 -19"><span class='ocrx_word' id='word_1_202' title='bbox 290 3043 360 3097; x_wconf 90' lang='lat' dir='ltr'><strong>et</strong></span> <span class='ocrx_word' id='word_1_203' title='bbox 381 3030 591 3100; x_wconf 76' lang='lat' dir='ltr'><strong>,modo</strong></span> <span class='ocrx_word' id='word_1_204' title='bbox 658 3032 870 3116; x_wconf 89' lang='lat' dir='ltr'><strong>pridie</strong></span> <span class='ocrx_word' id='word_1_205' title='bbox 936 3033 1108 3102; x_wconf 89' lang='lat' dir='ltr'><strong>dicto</strong></span> <span class='ocrx_word' id='word_1_206' title='bbox 1154 3030 1451 3097; x_wconf 85' lang='lat' dir='ltr'><strong>clenodia</strong></span> <span class='ocrx_word' id='word_1_207' title='bbox 1506 3040 1732 3094; x_wconf 89' lang='lat' dir='ltr'><strong>nostra</strong></span> <span class='ocrx_word' id='word_1_208' title='bbox 1776 3028 1860 3092; x_wconf 91' lang='lat' dir='ltr'><strong>ad</strong></span> <span class='ocrx_word' id='word_1_209' title='bbox 1900 3039 2268 3094; x_wconf 83' lang='lat' dir='ltr'><strong>contactum</strong></span> <span class='ocrx_word' id='word_1_210' title='bbox 2329 3027 2647 3113; x_wconf 72' lang='lat' dir='ltr'><strong>ejus,ad-</strong></span> 
     </span>
     <span class='ocr_line' id='line_1_26' title="bbox 291 3133 2649 3222; baseline -0.001 -20"><span class='ocrx_word' id='word_1_211' title='bbox 291 3139 636 3222; x_wconf 71' lang='lat' dir='ltr'><strong>hibuimus.</strong></span> <span class='ocrx_word' id='word_1_212' title='bbox 682 3139 811 3202; x_wconf 87' lang='lat' dir='ltr'><strong>Hic</strong></span> <span class='ocrx_word' id='word_1_213' title='bbox 832 3137 1139 3220; x_wconf 84' lang='lat' dir='ltr'><strong>Sanctus,</strong></span> <span class='ocrx_word' id='word_1_214' title='bbox 1163 3136 1343 3221; x_wconf 86' lang='lat' dir='ltr'><strong>pugil</strong></span> <span class='ocrx_word' id='word_1_215' title='bbox 1385 3135 1536 3200; x_wconf 83' lang='lat' dir='ltr'><strong>fidei</strong></span> <span class='ocrx_word' id='word_1_216' title='bbox 1566 3135 1980 3217; x_wconf 88' lang='lat' dir='ltr'><strong>fortissimus,</strong></span> <span class='ocrx_word' id='word_1_217' title='bbox 2012 3144 2238 3199; x_wconf 87' lang='lat' dir='ltr'><strong>contra</strong></span> <span class='ocrx_word' id='word_1_218' title='bbox 2278 3133 2649 3218; x_wconf 63' lang='lat' dir='ltr'><strong>haereticos</strong></span> 
     </span>
     <span class='ocr_line' id='line_1_27' title="bbox 287 3239 2650 3328; baseline -0.001 -21"><span class='ocrx_word' id='word_1_219' title='bbox 287 3244 690 3328; x_wconf 78' lang='lat' dir='ltr'><strong>symbolum:</strong></span> <span class='ocrx_word' id='word_1_220' title='bbox 759 3241 1144 3326; x_wconf 84' lang='lat' dir='ltr'><strong>Quicunque</strong></span> <span class='ocrx_word' id='word_1_221' title='bbox 1184 3242 1326 3306; x_wconf 87' lang='lat' dir='ltr'><strong>vult</strong></span> <span class='ocrx_word' id='word_1_222' title='bbox 1366 3242 1597 3306; x_wconf 86' lang='lat' dir='ltr'><strong>salvus</strong></span> <span class='ocrx_word' id='word_1_223' title='bbox 1640 3259 1824 3325; x_wconf 86' lang='lat' dir='ltr'><strong>esse,</strong></span> <span class='ocrx_word' id='word_1_224' title='bbox 1869 3240 2175 3309; x_wconf 84' lang='lat' dir='ltr'><strong>confecit.</strong></span> <span class='ocrx_word' id='word_1_225' title='bbox 2268 3239 2352 3303; x_wconf 79' lang='lat' dir='ltr'><strong>Et</strong></span> <span class='ocrx_word' id='word_1_226' title='bbox 2392 3239 2650 3306; x_wconf 71' lang='lat' dir='ltr'><strong>demum</strong></span> 
     </span>
     <span class='ocr_line' id='line_1_28' title="bbox 285 3333 2648 3430; baseline -0.002 -17"><span class='ocrx_word' id='word_1_227' title='bbox 285 3352 351 3413; x_wconf 88' lang='lat' dir='ltr'><strong>iu</strong></span> <span class='ocrx_word' id='word_1_228' title='bbox 424 3348 781 3430; x_wconf 78' lang='lat' dir='ltr'><strong>hospitium</strong></span> <span class='ocrx_word' id='word_1_229' title='bbox 848 3349 1303 3411; x_wconf 86' lang='lat' dir='ltr'><strong>remeavimus.</strong></span> <span class='ocrx_word' id='word_1_230' title='bbox 1363 3391 1380 3402; x_wconf 92' lang='lat'><strong>.</strong></span> <span class='ocrx_word' id='word_1_231' title='bbox 1426 3333 1594 3410; x_wconf 65' lang='lat' dir='ltr'><strong>Posf</strong></span> <span class='ocrx_word' id='word_1_232' title='bbox 1654 3345 1992 3429; x_wconf 86' lang='lat' dir='ltr'><strong>prandium</strong></span> <span class='ocrx_word' id='word_1_233' title='bbox 2066 3343 2150 3407; x_wconf 86' lang='lat' dir='ltr'><strong>ad</strong></span> <span class='ocrx_word' id='word_1_234' title='bbox 2238 3342 2648 3408; x_wconf 77' lang='lat' dir='ltr'><strong>conventum</strong></span> 
     </span>
     <span class='ocr_line' id='line_1_29' title="bbox 283 3448 2650 3540; baseline -0.004 -20"><span class='ocrx_word' id='word_1_235' title='bbox 283 3452 597 3540; x_wconf 80' lang='lat' dir='ltr'><strong>majorem</strong></span> <span class='ocrx_word' id='word_1_236' title='bbox 675 3448 942 3514; x_wconf 82' lang='lat' dir='ltr'><strong>fratrum</strong></span> <span class='ocrx_word' id='word_1_237' title='bbox 1013 3451 1340 3517; x_wconf 73' lang='lat' dir='ltr'><strong>Minorum</strong></span> <span class='ocrx_word' id='word_1_238' title='bbox 1434 3451 1889 3534; x_wconf 85' lang='lat' dir='ltr'><strong>transivimus,</strong></span> <span class='ocrx_word' id='word_1_239' title='bbox 1958 3459 2025 3513; x_wconf 91' lang='lat' dir='ltr'><strong>et</strong></span> <span class='ocrx_word' id='word_1_240' title='bbox 2085 3449 2306 3513; x_wconf 91' lang='lat' dir='ltr'><strong>locum</strong></span> <span class='ocrx_word' id='word_1_241' title='bbox 2371 3451 2480 3532; x_wconf 85' lang='lat' dir='ltr'><strong>qui</strong></span> <span class='ocrx_word' id='word_1_242' title='bbox 2547 3456 2650 3511; x_wconf 88' lang='lat' dir='ltr'><strong>est</strong></span> 
     </span>
     <span class='ocr_line' id='line_1_30' title="bbox 285 3552 2650 3654; baseline -0.003 -34"><span class='ocrx_word' id='word_1_243' title='bbox 285 3555 833 3624; x_wconf 71' lang='lat' dir='ltr'><strong>soumnssimus</strong></span> <span class='ocrx_word' id='word_1_244' title='bbox 892 3553 1195 3619; x_wconf 90' lang='lat' dir='ltr'><strong>vidimus.</strong></span> <span class='ocrx_word' id='word_1_245' title='bbox 1282 3555 1484 3619; x_wconf 89' lang='lat' dir='ltr'><strong>Porro</strong></span> <span class='ocrx_word' id='word_1_246' title='bbox 1548 3555 1616 3617; x_wconf 91' lang='lat' dir='ltr'><strong>in</strong></span> <span class='ocrx_word' id='word_1_247' title='bbox 1671 3554 1949 3654; x_wconf 59' lang='lat' dir='ltr'><strong>quadam</strong></span> <span class='ocrx_word' id='word_1_248' title='bbox 2009 3553 2263 3636; x_wconf 88' lang='lat' dir='ltr'><strong>capella</strong></span> <span class='ocrx_word' id='word_1_249' title='bbox 2329 3552 2650 3617; x_wconf 89' lang='lat' dir='ltr'><strong>ecclesiae</strong></span> 
     </span>
     <span class='ocr_line' id='line_1_31' title="bbox 288 3658 2649 3760; baseline -0.001 -35"><span class='ocrx_word' id='word_1_250' title='bbox 288 3666 507 3728; x_wconf 85' lang='lat' dir='ltr'><strong>stabat</strong></span> <span class='ocrx_word' id='word_1_251' title='bbox 557 3658 822 3744; x_wconf 86' lang='lat' dir='ltr'><strong>quidam</strong></span> <span class='ocrx_word' id='word_1_252' title='bbox 867 3676 1112 3742; x_wconf 89' lang='lat' dir='ltr'><strong>equus,</strong></span> <span class='ocrx_word' id='word_1_253' title='bbox 1157 3659 1431 3723; x_wconf 88' lang='lat' dir='ltr'><strong>mirabili</strong></span> <span class='ocrx_word' id='word_1_254' title='bbox 1475 3659 1748 3760; x_wconf 46' lang='lat' dir='ltr'><strong>artificio</strong></span> <span class='ocrx_word' id='word_1_255' title='bbox 1805 3660 2315 3742; x_wconf 86' lang='lat' dir='ltr'><strong>compaginatus.</strong></span> <span class='ocrx_word' id='word_1_256' title='bbox 2411 3658 2649 3727; x_wconf 82' lang='lat' dir='ltr'><strong>Veneti</strong></span> 
     </span>
     <span class='ocr_line' id='line_1_32' title="bbox 290 3761 2648 3846; baseline 0.002 -22"><span class='ocrx_word' id='word_1_257' title='bbox 290 3766 464 3830; x_wconf 87' lang='lat' dir='ltr'><strong>enim</strong></span> <span class='ocrx_word' id='word_1_258' title='bbox 534 3761 883 3846; x_wconf 80' lang='lat' dir='ltr'><strong>gentilium</strong></span> <span class='ocrx_word' id='word_1_259' title='bbox 944 3782 1162 3827; x_wconf 86' lang='lat' dir='ltr'><strong>mores</strong></span> <span class='ocrx_word' id='word_1_260' title='bbox 1227 3763 1555 3827; x_wconf 89' lang='lat' dir='ltr'><strong>imitantes</strong></span> <span class='ocrx_word' id='word_1_261' title='bbox 1627 3762 1878 3827; x_wconf 90' lang='lat' dir='ltr'><strong>cuidam</strong></span> <span class='ocrx_word' id='word_1_262' title='bbox 1984 3762 2347 3845; x_wconf 87' lang='lat' dir='ltr'><strong>Capitaneo</strong></span> <span class='ocrx_word' id='word_1_263' title='bbox 2408 3779 2648 3846; x_wconf 58' lang='lat' dir='ltr'><strong>eorum.</strong></span> 
     </span>
     <span class='ocr_line' id='line_1_33' title="bbox 289 3861 2650 3953; baseline -0 -21"><span class='ocrx_word' id='word_1_264' title='bbox 289 3870 399 3953; x_wconf 89' lang='lat' dir='ltr'><strong>qui</strong></span> <span class='ocrx_word' id='word_1_265' title='bbox 441 3888 559 3952; x_wconf 94' lang='lat' dir='ltr'><strong>pro</strong></span> <span class='ocrx_word' id='word_1_266' title='bbox 601 3867 932 3950; x_wconf 85' lang='lat' dir='ltr'><strong>republica</strong></span> <span class='ocrx_word' id='word_1_267' title='bbox 992 3868 1247 3932; x_wconf 87' lang='lat' dir='ltr'><strong>fortiter</strong></span> <span class='ocrx_word' id='word_1_268' title='bbox 1278 3861 1523 3951; x_wconf 76' lang='lat' dir='ltr'><strong>ege&#39;rat,</strong></span> <span class='ocrx_word' id='word_1_269' title='bbox 1551 3884 1825 3948; x_wconf 86' lang='lat' dir='ltr'><strong>eamque</strong></span> <span class='ocrx_word' id='word_1_270' title='bbox 1866 3886 1989 3931; x_wconf 86' lang='lat' dir='ltr'><strong>sua</strong></span> <span class='ocrx_word' id='word_1_271' title='bbox 2024 3869 2264 3932; x_wconf 84' lang='lat' dir='ltr'><strong>virtute</strong></span> <span class='ocrx_word' id='word_1_272' title='bbox 2307 3867 2650 3952; x_wconf 76' lang='lat' dir='ltr'><strong>plurimum</strong></span> 
     </span>
     <span class='ocr_line' id='line_1_34' title="bbox 291 3972 2655 4069; baseline -0 -34"><span class='ocrx_word' id='word_1_273' title='bbox 291 3982 595 4057; x_wconf 78' lang='lat' dir='ltr'><strong>auxerat,</strong></span> <span class='ocrx_word' id='word_1_274' title='bbox 633 3972 1094 4069; x_wconf 39' lang='lat' dir='ltr'><strong>“intendebant</strong></span> <span class='ocrx_word' id='word_1_275' title='bbox 1186 3974 1276 4058; x_wconf 51' lang='lat' dir='ltr'><strong>in,</strong></span> <span class='ocrx_word' id='word_1_276' title='bbox 1333 3989 1822 4055; x_wconf 85' lang='lat' dir='ltr'><strong>recompensam</strong></span> <span class='ocrx_word' id='word_1_277' title='bbox 1915 3973 2282 4038; x_wconf 80' lang='lat' dir='ltr'><strong>memo&#39;riale</strong></span> <span class='ocrx_word' id='word_1_278' title='bbox 2364 3989 2655 4056; x_wconf 88' lang='lat' dir='ltr'><strong>perenne</strong></span> 
     </span>
     <span class='ocr_line' id='line_1_35' title="bbox 292 4077 2651 4163; baseline 0 -24"><span class='ocrx_word' id='word_1_279' title='bbox 292 4087 612 4162; x_wconf 73' lang='lat' dir='ltr'><strong>statuere,</strong></span> <span class='ocrx_word' id='word_1_280' title='bbox 683 4086 750 4141; x_wconf 88' lang='lat' dir='ltr'><strong>et</strong></span> <span class='ocrx_word' id='word_1_281' title='bbox 805 4098 1043 4163; x_wconf 89' lang='lat' dir='ltr'><strong>equum</strong></span> <span class='ocrx_word' id='word_1_282' title='bbox 1108 4098 1257 4145; x_wconf 88' lang='lat' dir='ltr'><strong>cum</strong></span> <span class='ocrx_word' id='word_1_283' title='bbox 1347 4096 1614 4144; x_wconf 88' lang='lat' dir='ltr'><strong>sessore</strong></span> <span class='ocrx_word' id='word_1_284' title='bbox 1698 4096 1851 4142; x_wconf 86' lang='lat' dir='ltr'><strong>aere</strong></span> <span class='ocrx_word' id='word_1_285' title='bbox 1916 4079 2129 4143; x_wconf 87' lang='lat' dir='ltr'><strong>fusum</strong></span> <span class='ocrx_word' id='word_1_286' title='bbox 2211 4077 2296 4142; x_wconf 88' lang='lat' dir='ltr'><strong>ad</strong></span> <span class='ocrx_word' id='word_1_287' title='bbox 2372 4077 2651 4163; x_wconf 76' lang='lat' dir='ltr'><strong>aliquem</strong></span> 
     </span>
     <span class='ocr_line' id='line_1_36' title="bbox 293 4182 2654 4272; baseline -0 -28"><span class='ocrx_word' id='word_1_288' title='bbox 293 4184 616 4264; x_wconf 79' lang='lat' dir='ltr'><strong>publicum</strong></span> <span class='ocrx_word' id='word_1_289' title='bbox 664 4185 844 4250; x_wconf 77' lang='lat' dir='ltr'><strong>urbis</strong></span> <span class='ocrx_word' id='word_1_290' title='bbox 904 4189 1118 4251; x_wconf 88' lang='lat' dir='ltr'><strong>vicum</strong></span> <span class='ocrx_word' id='word_1_291' title='bbox 1177 4195 1290 4250; x_wconf 85' lang='lat' dir='ltr'><strong>aut</strong></span> <span class='ocrx_word' id='word_1_292' title='bbox 1329 4184 1609 4269; x_wconf 85' lang='lat' dir='ltr'><strong>plateam</strong></span> <span class='ocrx_word' id='word_1_293' title='bbox 1653 4184 1893 4250; x_wconf 87' lang='lat' dir='ltr'><strong>locare.</strong></span> <span class='ocrx_word' id='word_1_294' title='bbox 1979 4186 2067 4248; x_wconf 74' lang='lat' dir='ltr'><strong>Et</strong></span> <span class='ocrx_word' id='word_1_295' title='bbox 2109 4194 2183 4247; x_wconf 90' lang='lat' dir='ltr'><strong>ut</strong></span> <span class='ocrx_word' id='word_1_296' title='bbox 2221 4185 2347 4272; x_wconf 72' lang='lat'><strong>1190</strong></span> <span class='ocrx_word' id='word_1_297' title='bbox 2389 4182 2654 4263; x_wconf 74' lang='lat' dir='ltr'><strong>magni-</strong></span> 
     </span>
     <span class='ocr_line' id='line_1_37' title="bbox 296 4285 2652 4378; baseline -0 -31"><span class='ocrx_word' id='word_1_298' title='bbox 296 4287 589 4352; x_wconf 64' lang='lat' dir='ltr'><strong>licentiis</strong></span> <span class='ocrx_word' id='word_1_299' title='bbox 625 4287 832 4375; x_wconf 79' lang='lat' dir='ltr'><strong>fleret,</strong></span> <span class='ocrx_word' id='word_1_300' title='bbox 876 4293 1296 4378; x_wconf 73' lang='lat' dir='ltr'><strong>quaesierunt</strong></span> <span class='ocrx_word' id='word_1_301' title='bbox 1333 4291 1402 4356; x_wconf 84' lang='lat' dir='ltr'><strong>in&#39;</strong></span> <span class='ocrx_word' id='word_1_302' title='bbox 1445 4292 1743 4354; x_wconf 88' lang='lat' dir='ltr'><strong>omnibus</strong></span> <span class='ocrx_word' id='word_1_303' title='bbox 1786 4290 2022 4358; x_wconf 84' lang='lat' dir='ltr'><strong>finibus</strong></span> <span class='ocrx_word' id='word_1_304' title='bbox 2081 4307 2299 4353; x_wconf 88' lang='lat' dir='ltr'><strong>eorum</strong></span> <span class='ocrx_word' id='word_1_305' title='bbox 2367 4285 2652 4347; x_wconf 70' lang='lat' dir='ltr'><strong>artifices</strong></span> 
     </span>
     <span class='ocr_line' id='line_1_38' title="bbox 296 4391 2655 4484; baseline -0.002 -30"><span class='ocrx_word' id='word_1_306' title='bbox 296 4391 695 4477; x_wconf 81' lang='lat' dir='ltr'><strong>sculptores,</strong></span> <span class='ocrx_word' id='word_1_307' title='bbox 771 4397 1185 4484; x_wconf 86' lang='lat' dir='ltr'><strong>injungentes</strong></span> <span class='ocrx_word' id='word_1_308' title='bbox 1248 4397 1382 4479; x_wconf 89' lang='lat' dir='ltr'><strong>eis,</strong></span> <span class='ocrx_word' id='word_1_309' title='bbox 1459 4405 1538 4466; x_wconf 72' lang='lat' dir='ltr'><strong>ut</strong></span> <span class='ocrx_word' id='word_1_310' title='bbox 1609 4396 1887 4482; x_wconf 82' lang='lat' dir='ltr'><strong>quilibet</strong></span> <span class='ocrx_word' id='word_1_311' title='bbox 1959 4413 2197 4480; x_wconf 87' lang='lat' dir='ltr'><strong>equum</strong></span> <span class='ocrx_word' id='word_1_312' title='bbox 2250 4391 2512 4470; x_wconf 58' lang='lat' dir='ltr'><strong>‚faceret</strong></span> <span class='ocrx_word' id='word_1_313' title='bbox 2568 4405 2655 4451; x_wconf 85' lang='lat' dir='ltr'><strong>ex</strong></span> 
     </span>
    </p>
   </div>
  </div>
 </body>
</html>
