3242 5259
1690 362 1815 426 1⁶2

597 539 770 607 sieut
808 542 992 626 pueri
1040 541 1310 626 inquieti
1370 541 1704 625 plorantes
1746 542 1833 606 ad
1874 550 2138 606 cantum
2194 549 2469 605 matrum
2508 541 2941 629 obdormiunt,

600 646 716 734 qui
752 647 821 710 ’-
863 645 1123 711 silentio
1164 647 1427 730 flerent,
1471 655 1539 709 et
1578 647 1792 731 magis
1834 647 2184 732 quieseunt
2223 664 2310 709 ex
2349 664 2465 730 eo,
2527 647 2704 731 quod
2745 659 2945 715 cantu

601 752 890 818 sentiunt
932 760 1207 815 matrum
1247 751 1703 836 praesentiam,
1740 737 1935 836 quam
1975 759 2242 836 propter
2269 751 2662 820 suavitatem
2686 762 2941 820 cantus.

599 861 703 924 Ita
739 866 806 920 et
844 857 1171 943 peregrini
1212 856 1426 939 magis
1448 858 1653 941 quieti
1692 866 1852 921 suut
1891 875 1978 921 ex
2007 875 2107 941 ους
2130 853 2302 940 quod
2328 863 2526 920 cantu
2559 874 2943 942 prosperum

603 972 673 1028 et
734 961 1047 1027 directum
1109 960 1301 1023 navis
1362 978 1626 1025 cursum
1678 961 2080 1046 intelligunt,
2150 977 2357 1045 quam·
2401 952 2669 1045 propter
2724 963 2942 1045 ipsum

599 1077 899 1152 eantum3
942 1083 1073 1130 non
1114 1065 1286 1129 enim
1341 1066 1529 1131 aliter
1569 1066 2040 1151 vociferantur,
2095 1066 2224 1130 nisi
2265 1065 2439 1130 sicut
2488 1065 2732 1150 vigiles
2770 1067 2944 1132 eivi-

597 1175 754 1238 tatis
804 1172 1151 1255 ulmensis,
1215 1171 1328 1255 qui
1380 1179 1733 1235 nocturnas
1796 1172 1991 1236 horas
2049 1172 2510 1255 pronunciant,
2574 1189 2743 1256 quae
2782 1159 2943 1255 pro-

596 1277 926 1343 nunciatio
983 1276 1307 1340 neminem
1351 1293 1393 1339 a
1434 1275 1816 1341 dormitione
1855 1275 2122 1360 impedit
2161 1276 2283 1341 sed
2335 1275 2575 1340 multos
2614 1277 2941 1361 inquietos

600 1383 880 1449 dormire
946 1380 1120 1444 facit.
1222 1382 1427 1447 Porro
1483 1381 1552 1444 in
1608 1381 2143 1464 tempestatibus,
2209 1380 2469 1466 quando
2535 1388 2694 1445 sunt
2755 1381 2940 1445 venti

595 1487 801 1553 validi
842 1495 908 1551 et
955 1486 1280 1571 prosperi,
1322 1495 1479 1551 tuno
1519 1487 1884 1570 importune
1925 1496 1993 1551 et
2032 1505 2181 1551 oum
2222 1487 2513 1570 inquieta
2578 1486 2939 1570 agitatione

600 1593 802 1660 currit
856 1582 1048 1656 navis
1112 1591 1526 1656 velocissimo
1586 1609 1785 1656 eursu
1839 1592 1908 1657 in
1966 1600 2216 1657 tantum
2227 1636 2249 1674 ,
2320 1589 2494 1674 quod
2546 1593 2793 1677 sag-itta
2849 1589 2937 1653 de

596 1698 836 1763 balista
874 1705 988 1760 aut
1028 1712 1184 1759 arou
1224 1696 1465 1759 emissa
1527 1715 1657 1761 non
1698 1705 1916 1781 potest
1955 1696 2222 1781 aequari
2265 1697 2484 1760 cursui
2524 1698 2735 1761 navis.
2788 1695 2940 1760 noe

596 1801 858 1887 galeoni-
881 1818 1084 1884 saepe
1123 1798 1208 1862 ed
1255 1800 1509 1865 oculum
1555 1801 2023 1884 demonstrant,
2066 1809 2384 1886 ponentes
2426 1818 2505 1864 se
2547 1801 2631 1865 ad
2670 1801 2938 1884 puppim

597 1925 747 1971 eum
791 1923 947 1970 areu
989 1913 1056 1968 et
1104 1914 1333 1968 eontra
1382 1924 1636 1988 proram
1683 1905 2046 1988 jacientes:
2108 1907 2352 1990 sagitta
2391 1915 2563 1970 retro
2607 1914 2825 1970 manet
2866 1915 2940 1969 et

595 2012 788 2075 navis
830 2011 1200 2074 antecurrit.
1244 2011 1451 2074 Tanto
1495 2012 1666 2075 enim
1708 2014 1951 2095 impetu
1982 2020 2221 2075 ventus
2256 2011 2453 2074 trahit
2479 2009 2648 2075 velis
2675 2028 2934 2092 navem,

598 2116 773 2202 quod
829 2133 1003 2199 aqua
1060 2115 1257 2178 maris
1316 2113 1576 2179 videtur
1636 2124 1865 2178 eontra
1920 2133 2173 2200 proram
2237 2134 2530 2199 currere,
2583 2123 2649 2178 et
2704 2132 2937 2197 prorae

603 2231 879 2288 rostrum
948 2219 1207 2284 videtur
1285 2223 1353 2284 in
1419 2228 1982 2284 eontraoonantem
2067 2239 2320 2285 amnem
2394 2220 2940 2305 impetuosissirna

599 2327 962 2392 sulcatione
1024 2326 1245 2389 conari
1260 2371 1282 2411 ,
1339 2327 1435 2388 ita
1489 2323 1661 2409 quod
1703 2342 1877 2408 aqua
1924 2344 2382 2409 nonnunquam
2437 2343 2638 2409 supra
2696 2340 2936 2388 eonius

594 2450 827 2518 prorae
881 2429 1208 2513 elevatur3
1269 2431 1360 2494 ita
1401 2431 1652 2495 fortiter
1712 2433 1882 2494 enim
1934 2448 2106 2515 aqua
2147 2439 2374 2495 eontra
2414 2430 2677 2514 puppim
2720 2430 2935 2510 currit,

592 2538 772 2624 quod
814 2537 1006 2599 etiam
1048 2551 1250 2618 saepe
1279 2553 1492 2620 usque
1532 2538 1601 2599 in
1630 2535 1870 2599 domini
1904 2538 2158 2619 patroni
2200 2536 2685 2600 tabernaculum
2714 2533 2935 2616 insilit,

595 2651 664 2707 ot
707 2661 855 2706 oum
897 2642 1025 2705 hoo
1066 2648 1305 2704 ventus
1367 2638 1546 2729 vela⁸
1579 2641 1836 2726 implet,
1899 2651 1970 2704 et
2008 2643 2099 2705 ita
2149 2642 2402 2705 fortiter
2462 2642 2653 2705 trahit
2672 2685 2700 2724 ,
2761 2636 2933 2723 quod

593 2748 857 2813 videtur
898 2764 1070 2831 aqua
1103 2753 1332 2809 eontra
1363 2742 1621 2827 galeam
1655 2762 1935 2829 currere,
1977 2756 2042 2809 et
2082 2755 2299 2812 tamen
2342 2756 2564 2811 notum
2603 2754 2727 2830 est,
2761 2740 2936 2829 quod

597 2862 836 2918 ventus
895 2869 1173 2935 prosper
1229 2857 1334 2913 eet
1388 2850 1457 2912 in
1515 2852 1749 2935 puppi,
1824 2860 1889 2914 et
1931 2849 2131 2915 vadit
2182 2853 2515 2915 nobiseum
2531 2891 2555 2932 ,
2622 2853 2754 2913 imo
2809 2864 2933 2912 nos

596 2958 793 3022 trahit
855 2974 1117 3036 seeum,
1174 2962 1241 3017 et
1280 2956 1494 3037 ipsum
1537 2973 1717 3019 mare
1782 2956 2120 3020 nobiscum
2175 2956 2389 3020 currit.
2475 2953 2659 3019 Adeo
2715 2960 2935 3016 tamen

596 3060 880 3144 fortiter,
936 3068 1011 3123 ut
1055 3058 1223 3141 dixi,
1278 3069 1518 3123 ventus
1576 3078 1814 3125 navem
1855 3061 2159 3146 impellit,
2223 3060 2401 3146 quod
2455 3079 2626 3146 aqua
2674 3056 2935 3123 videtur

594 3173 822 3228 omitte
860 3181 1119 3246 proram
1158 3181 1454 3246 currere,
1496 3181 1669 3247 quae
1711 3174 1930 3229 tamen
1969 3170 2039 3230 in
2085 3168 2365 3230 veritate
2407 3171 2633 3232 eontra
2669 3166 2934 3249 puppim

591 3268 796 3334 currit
856 3277 1040 3332 tanta
1103 3267 1472 3353 eeleritate,
1535 3268 1709 3352 quod
1782 3272 1899 3335 vix
1958 3272 2147 3335 visus
2208 3279 2425 3356 potest
2485 3272 2693 3355 ipsum
2750 3286 2933 3332 mare

594 3373 903 3439 eomimri.
972 3374 1108 3437 lmo
1150 3373 1307 3437 mihi
1349 3373 1710 3459 videbatur,
1756 3375 1930 3458 quod
1970 3377 2213 3460 sagitta
2253 3378 2497 3441 emissa
2532 3394 2662 3440 non
2704 3379 2933 3458 posset

591 3481 811 3543 cursui
871 3479 1068 3545 maris
1133 3487 1360 3543 eontra
1420 3475 1677 3562 galtiam
1739 3478 2079 3566 advenire,
2143 3500 2292 3546 eum
2356 3491 2575 3547 tamen
2628 3479 2822 3564 galea
2860 3478 2928 3541 in

591 3582 868 3667 deeuplo
932 3583 1161 3648 fortius
1224 3592 1472 3665 currat,
1516 3601 1710 3667 quam
1760 3586 1976 3668 ipsum
2017 3605 2218 3655 mare.
2299 3587 2523 3651 Paene
2566 3582 2924 3651 incredibili

590 3687 924 3766 eeleritate
961 3691 1032 3752 in
1094 3687 1206 3753 tali
1267 3689 1466 3753 maris
1523 3696 1592 3752 et
1654 3691 1829 3753 aeris
1882 3689 2308 3776 dispositione
2370 3710 2578 3757 naves
2642 3697 2927 3754 currunt.

591 3790 804 3876 Credo
847 3793 1017 3857 enim
1059 3793 1234 3878 quod
1275 3791 1350 3858 in'
1385 3801 1775 3877 tempestate
1814 3815 2167 3881 prosperae
2216 3798 2648 3882 navigationis
2688 3796 2756 3859 in
2797 3811 2932 3857 una

590 3895 699 3962 die
739 3905 807 3960 et
845 3905 1038 3961 noete
1079 3906 1323 3964 tantam
1362 3899 1539 3963 viam
1580 3898 1817 3983 faeiat,
1860 3913 2170 3985 quantum
2235 3912 2337 3967 est
2378 3905 2548 3967 inter
2590 3899 2928 3965 Coloninm

592 4010 662 4066 et
700 4000 1020 4070 venetias
1059 4004 1185 4067 iter
1224 4002 1393 4087 (B).
1459 4002 1635 4069 Nam
1680 4003 1831 4073 dum
1875 4008 2066 4072 navis
2108 4009 2283 4072 lento
2325 4010 2602 4073 transitu
2652 4021 2930 4089 progre-

591 4105 764 4172 ditur
820 4114 886 4170 et
925 4107 1117 4193 quasi
1171 4126 1289 4192 pro
1340 4107 1540 4172 nihilo
1583 4112 1895 4175 transitus
1952 4122 2317 4199 reputatur,
2358 4131 2493 4177 non
2551 4121 2656 4177 est
2720 4125 2929 4196 equus

593 4209 770 4278 adad
802 4211 1032 4306 uelox,
1075 4214 1188 4297 qui
1226 4223 1455 4298 posset
1489 4221 1739 4280 tantum
1782 4235 2041 4281 currere
2052 4264 2074 4302 ,
2118 4226 2429 4305 quantum
2473 4227 2694 4302 potest
2733 4217 2928 4280 navis

585 4314 763 4381 lente
802 4317 1113 4404 transire,
1171 4327 1242 4382 et
1290 4317 1549 4402 quando
1607 4338 1821 4405 paene
1889 4322 2047 4386 nibil
2100 4315 2366 4410 transit,
2421 4323 2642 4388 nullus
2700 4337 2928 4386 eursor

585 4432 813 4507 posset
851 4442 1000 4492 oum
1037 4442 1124 4491 ea
1163 4439 1528 4512 eouequare
1565 4443 1862 4514 eumn,
1905 4427 2058 4498 dum
2100 4429 2316 4497 solum
2356 4430 2586 4516 sepit.
2672 4428 2925 4495 Verum
