3242 5259
1510 323 1640 404 &5

407 507 664 593 expulsi
703 506 793 571 de
834 504 1227 582 Jerusalem,
1268 502 1391 573 scd
1434 455 1682 580 tm
1728 501 1929 587 latini,
1973 502 2117 567 mim
2161 511 2394 587 quihus
2434 511 2746 591 agebatur

408 612 682 694 bellum,
751 618 817 674 et
860 627 991 671 non
1034 584 1148 671 ahi
1190 606 1565 674 orientales.
1655 607 1965 691 Expulsis
2009 619 2222 671 ιιιιιιιιιι
2270 610 2486 679 latinis
2528 615 2746 675 urien-

403 716 574 784 tales
641 708 1088 778 confoederati
1138 721 1223 775 et
1240 712 1444 795 jurati
1485 710 1769 776 Soldfflm
1815 715 2224 795 sepulchrum
2270 715 2530 779 numiui
2582 735 2746 803 pus-

401 819 749 902 aederunt,
801 826 875 881 ut
919 817 1187 919 patebit
1271 817 1450 901 Imo,
1511 833 1637 880 nec
1689 835 1913 879 amnes
1969 819 2149 879 latini
2214 823 2294 883 ab
2334 823 2742 887 Hierusalem

408 924 893 1008 migraverunt:-²
940 922 1064 986 sed
1111 921 1335 1004 plures
1374 931 1781 1003 manserunt,
1823 923 2177 1003 jungentes
2222 943 2298 987 su
2342 923 2742 1011 Saracenis,

403 1045 568 1111 quos
608 1027 788 1111 Papa
832 1026 1434 1092 excommunicavit.
1519 1025 1833 1109 Legimus
1878 1031 2101 1107 etiam,
2149 1031 2318 1111 quud
2378 1031 2730 1095 Christiani

401 1133 561 1198 victi
605 1150 647 1193 a
680 1129 1085 1214 SarraceniS,
1130 1140 1478 1214 antequam
1522 1128 1605 1192 de
1645 1131 2009 1193 Jerusalem
2057 1135 2538 1215 egrederentur,
2582 1155 2742 1203 uun-

399 1244 736 1300 venerant·
757 1250 905 1302 cum
947 1236 1066 1321 iis,
1126 1245 1212 1304 ut
1242 1236 1623 1318 peregrinos
1677 1235 1801 1299 adv.
1805 1239 2097 1299 ementes
2145 1239 2226 1299 de
2270 1239 2486 1303 latinis
2534 1243 2742 1307 intru-

400 1342 750 1405 mittereut.
792 1342 869 1402 ln
910 1339 1088 1424 quod
1116 1340 1543 1405 libentissime
1585 1351 2077 1404 consenserunt.
2125 1343 2210 1403 Et
2242 1343 2386 1407 ideo
2418 1343 2742 1411 suldanus

401 1454 774 1530 consuetam
841 1442 1354 1528 eleemosynam,
1415 1464 1612 1529 quam
1669 1467 1785 1511 rex
1841 1447 2210 1511 Jerusalem
2270 1467 2386 1531 per
2446 1451 2742 1536 singulus

405 1550 545 1616 dies
588 1550 744 1614 date
769 1547 1035 1614 solebat
1077 1550 1474 1634 peregrinis,
1518 1553 1586 1612 in
1630 1551 1933 1640 hospitali
1969 1553 2181 1616 sancti
2219 1552 2542 1642 Jehannis
2590 1549 2751 1617 exi-'

402 1662 693 1738 stentes,
734 1653 1033 1717 solvebat
1075 1673 1153 1717 eo
1198 1654 1420 1739 modo,
1470 1674 1600 1739 quo
1643 1672 1763 1722 rex
1814 1657 2184 1724 Jerusalem
2226 1659 2493 1737 tjecerat.
2581 1658 2737 1722 Ideo

401 1760 562 1824 nihil
587 1769 705 1823 ‚est
748 1759 842 1823 de·
878 1762 1317 1841 asportatione
1352 1759 1579 1823 Sancti
1623 1761 1972 1844 sepulchri.
2057 1761 2305 1825 Verum
2349 1770 2455 1827 est
2497 1770 2738 1847 tamen,

402 1863 572 1950 quod
636 1864 949 1948 legimus,
1023 1864 1330 1948 templum'
1395 1867 1610 1929 sancti
1687 1865 2016 1947 sepulchri
2089 1867 2299 1935 fuisse
2388 1868 2735 1954 aliquando

402 1967 818 2052 dissipatum,
876 1980 945 2030 et
1008 1970 1203 2032 etiam
1245 1970 1459 2052 ipsum
1522 1980 1822 2034 sanctum
1864 1969 2325 2056 sepulchrum,
2390 1991 2738 2058 numquam

401 2081 617 2135 tamen
642 2093 725 2136 ex
743 2082 880 2137 toto
911 2073 1035 2137 fuit
1097 2082 1367 2140 erutum.
1412 2075 1632 2158 Hujus
1668 2076 1760 2139 rei
1783 2076 2245 2159 experientiam
2269 2056 2467 2141 taleffl
2492 2082 2743 2163 accepis

398 2178 647 2260 Accepi
711 2177 1048 2240 candelam
1094 2196 1436 2242 accensam
1505 2182 1570 2243 in
1613 2182 1899 2245 ecclesia
1941 2185 2156 2245 sancti
2200 2183 2549 2268 sepulchri,
2586 2184 2738 2249 dum

401 2282 472 2345 in
513 2299 596 2343 ea
634 2282 995 2365 vigilarem,
1026 2289 1093 2342 et
1136 2282 1218 2343 ad
1263 2282 1646 2348 dominicum
1685 2296 2159 2350 monumentum
2199 2290 2475 2372 accessi,
2519 2291 2739 2352 curio-

399 2386 662 2460 sissime
702 2395 1156 2469 perscrutans,
1210 2405 1297 2449 an
1339 2387 1580 2473 aliquid
1636 2409 1766 2453 non
1817 2410 2133 2458 marmore
2175 2401 2412 2457 tectum
2475 2411 2738 2475 possem

402 2489 660 2574 videre,
726 2499 793 2554 et
853 2494 930 2554 ab
1018 2500 1206 2558 extra
1270 2511 1388 2574 per
1451 2495 1785 2560 circuitum
1859 2505 2064 2561 totum
2133 2498 2357 2562 inveni
2420 2516 2739 2582 marmore

404 2603 663 2659 tectum.
770 2599 1118 2680 Ingressus
1180 2615 1298 2680 per
1374 2598 1646 2680 primum
1717 2601 1949 2665 ostium
2031 2604 2370 2664 anterioris
2445 2602 2737 2685 capellae

400 2702 685 2786 parietes
728 2704 1063 2785 utriusque
1104 2702 1325 2766 lateris
1367 2720 1685 2767 marmore
1727 2706 2007 2769 vestitas
2057 2706 2314 2789 inveni,
2358 2707 2477 2769 sed
2514 2709 2737 2789 parie-

403 2816 529 2870 tem
576 2816 728 2870 ante
770 2807 1001 2873 faciem
1045 2826 1288 2890 meam,
1351 2807 1460 2890 qui
1505 2806 1736 2871 dividit
1777 2810 2167 2892 speluncam
2221 2816 2609 2877 anteriorem
2654 2813 2734 2874 ab

403 2914 744 2996 interiore,
784 2915 851 2978 in
896 2930 1023 2995 quo
1066 2920 1168 2975 est
1210 2911 1507 2975 ostiolum
1551 2911 1635 2975 ad
1680 2912 2069 2982 dominicum
2109 2915 2520 2998 sepulchrum
2542 2960 2564 2999 ,
2607 2934 2735 2980 nu·
2754 2946 2768 2960 ·

401 3018 551 3081 dum
588 3018 842 3101 inveni,
909 3025 974 3080 et
1018 3017 1299 3080 adhibito
1343 3016 1584 3080 lumine
1628 3027 1956 3102 petraeam
2001 3021 2312 3104 parietem
2371 3019 2542 3107 vi'di,
2606 3040 2737 3088 uon

400 3122 665 3207 quadris
730 3123 1184 3206 compositam,
1248 3121 1366 3186 sed
1431 3123 1783 3209 integram,
1849 3125 1917 3186 iu
1981 3143 2111 3211 qua
2162 3126 2736 3191 instrumentorum

400 3228 748 3291 terreorum
793 3228 984 3311 signa
1025 3228 1369 3290 manifeste
1403 3238 1739 3312 apparent.
1809 3230 1885 3291 In
1927 3232 2245 3315 superiori
2285 3238 2505 3297 tamen
2544 3240 2737 3315 parte

399 3333 655 3399 videtur
698 3342 961 3416 ruptura
996 3333 1237 3415 fuisse,
1302 3351 1471 3419 quac
1512 3332 1729 3417 lapide
1770 3342 1834 3399 et
1896 3319 2232 3401 caemento
2277 3345 2383 3400 est
2423 3337 2737 3400 resarcita

396 3442 503 3504 Ex
546 3440 778 3523 quibus
821 3438 1162 3502 videbatur
1203 3435 1384 3520 mihi,
1404 3438 1574 3523 quod
1617 3440 2007 3504 dominicum
2041 3440 2453 3525 sepulchrum
2497 3441 2734 3505 fuisset

399 3543 746 3628 aliquando
791 3541 1225 3625 destructum,
1280 3541 1398 3605 sed
1449 3562 1799 3627 numquam
1842 3564 1926 3609 ex
1990 3554 2120 3609 toto
2165 3554 2453 3629 erutum,
2498 3554 2565 3609 et
2597 3545 2734 3627 jam

399 3659 535 3714 stat
612 3656 1010 3732 reparatum,
1080 3655 1147 3709 et
1200 3648 1372 3709 sicut
1429 3646 1624 3711 hodic
1687 3656 1853 3732 stat,
1932 3652 2028 3714 ita
2088 3651 2276 3714 stetit
2326 3649 2475 3731 plus
2541 3668 2736 3738 quam

401 3754 719 3819 ducentos
777 3768 1021 3834 annos,
1084 3750 1211 3815 nisi
1254 3752 1382 3815 iam
1425 3759 1530 3814 est
1590 3750 1963 3834 diligentias
2025 3773 2343 3820 marmore
2400 3745 2736 3838 vestitum,

399 3878 486 3923 ne
548 3858 873 3942 peregrini
926 3856 1011 3919 de
1073 3854 1440 3939 parietibus·
1493 3851 1750 3939 Ispinon
1810 3867 2036 3923 eruant
2099 3878 2216 3941 pro
2278 3851 2604 3943 reliquiiS,
2667 3867 2736 3923 et

396 3973 663 4050 propter
713 3961 986 4025 eandem
1029 3979 1289 4026 causam
1333 3959 1480 4042 (Β)
1526 3960 1822 4044 deposita
1864 3961 1989 4028 fuit
2026 3983 2068 4028 a
2110 3973 2340 4033 sancto
2391 3964 2734 4049 sepulchro

401 4070 621 4134 tabula
661 4065 816 4131 cum·
852 4068 1061 4137 tribus
1104 4065 1560 4151 foraminibus,
1606 4067 1688 4130 de
1722 4088 1880 4153 “quo
1944 4083 2142 4152 supra
2202 4070 2512 4150 habetur,
2582 4069 2734 4153 quie

401 4176 725 4258 peregrini
768 4173 1079 4239 foramina
1129 4190 1280 4236 cum
1322 4173 1775 4239 instrumentis
1814 4174 2045 4239 ferreis
2089 4174 2384 4239 forabant
2429 4174 2509 4238 ad
2552 4175 2733 4237 acci-

401 4280 703 4363 piendum
772 4273 1031 4363 aliquid.
1120 4266 1436 4357 Quamvis
1503 4280 1832 4364 peregrini
1894 4296 2153 4364 semper
2213 4282 2426 4344 conati
2490 4279 2731 4342 fuerint

406 4386 690 4469 recipcre
732 4385 1084 4469 particulas
1127 4375 1498 4454 de'aaneto‘
1515 4382 1902 4470 sepulchro,
1944 4404 2295 4473 numquam
2334 4394 2552 4449 tamen
2607 4378 2730 4444 ad·
