3242 5259
1672 242 1801 309 468

562 425 1038 509 Jerosolymam
1082 420 1298 509 petiit,
1355 418 1423 486 et
1488 422 1636 488 loca
1676 432 1907 488 sancta
1950 418 2297 510 quaesivit,
2340 434 2408 487 et
2448 417 2705 488 cruceni
2748 441 2913 488 cum

567 529 714 592 aliis
778 528 1079 611 insigniis
1135 538 1399 594 nostrae
1442 529 1857 593 redemtionis
1910 530 2196 613 invenit,
2252 539 2319 592 et
2360 530 2524 595 locis
2574 524 2914 591 mundatis

567 632 889 717 idolisque
949 630 1223 715 abjectis
1273 632 1359 696 de
1398 634 1762 697 Jerusalem
1813 632 1898 696 ad
1956 632 2337 697 Bethlehem
2396 634 2792 717 properavit,
2835 640 2913 694 et

565 739 777 802 locum
837 735 1257 803 dulcissimae
1311 738 1671 801 nativitatis
1709 737 1969 800 Domini
2010 736 2382 821 mundavit,
2436 746 2503 801 et
2555 735 2912 821 spurcitias

566 843 884 913 idolorum
930 841 1013 905 de
1050 859 1254 925 specu
1287 837 1525 906 sancto
1560 841 1936 924 eliminavit,
1980 849 2046 904 et
2067 844 2286 906 omnia
2326 843 2415 906 ibi
2449 850 2708 925 reperta
2738 841 2913 904 sub-

564 949 785 1031 movit,
823 956 891 1010 et
929 964 1246 1031 praesepe
1265 947 1528 1011 Domini
1566 947 1895 1030 integrum
1935 945 2057 1009 sub
2082 947 2287 1009 ruinis
2327 947 2617 1024 invenit,
2660 948 2730 1010 in
2769 964 2908 1030 quo

564 1055 801 1138 reperit
841 1051 1141 1136 lapidem,
1183 1070 1378 1135 quem
1418 1052 1616 1135 capiti
1658 1051 1842 1133 pueri
1885 1051 2076 1114 beata
2094 1050 2302 1134 Virgo
2336 1058 2786 1134 supposuerat,
2833 1058 2909 1112 et:

565 1159 846 1241 foenum,
891 1165 957 1220 et
999 1156 1414 1239 panniculos,
1459 1164 1529 1219 et
1571 1154 1890 1238 caligulas
1929 1154 2218 1238 sucepti,
2260 1163 2329 1218 ot
2373 1155 2705 1219 camisiam
2750 1153 2904 1216 lon-

563 1281 749 1347 gam,
811 1263 878 1323 in
934 1278 1064 1343 qua
1118 1269 1464 1344 pepererat
1523 1259 1714 1344 juxta
1767 1260 2102 1341 mulierum
2169 1260 2576 1323 orientalium
2637 1276 2902 1340 morem,

564 1384 734 1451 quae
775 1366 1014 1430 habeut
1054 1366 1361 1429 camisias
1404 1368 1637 1449 longas
1678 1374 1744 1428 et
1787 1364 1978 1448 latas,
2025 1364 2179 1429 dum
2200 1375 2354 1433 sunt
2394 1367 2901 1446 impu-aegeatae,

564 1473 735 1536 sicut
776 1470 964 1534 albae
1004 1470 1410 1536 sacerdotum
1435 1515 1458 1554 ,
1513 1480 1579 1534 et
1619 1470 2054 1553 pedissequae
2105 1466 2509 1533 dominarum
2552 1467 2905 1531 defluentia

559 1584 835 1659 portant.
922 1573 998 1638 Si
1038 1594 1196 1639 voro
1225 1584 1378 1639 suut
1413 1592 1755 1659 pauperes,
1801 1574 1975 1658 quod
2014 1570 2413 1638 non'habeut
2448 1572 2901 1656 pedissequas,

563 1680 954 1765 procingunt
990 1696 1086 1761 se,
1130 1688 1195 1742 et
1216 1697 1473 1743 sursum
1497 1679 1925 1762 dependentia
1945 1680 2223 1743 trahunt.
2309 1679 2533 1742 Talem
2567 1677 2898 1740 camisiam

566 1789 764 1848 etiam
803 1784 1026 1847 habuit
1067 1784 1257 1846 beata
1299 1783 1507 1867 Virgo
1549 1785 1798 1867 Maria,
1844 1803 2040 1867 quam
2080 1784 2150 1846 in
2206 1783 2351 1847 loco
2402 1782 2515 1847 illo
2561 1799 2709 1845 cum
2750 1780 2898 1843 aliis
2943 1818 2965 1832 ·

562 1886 760 1952 rebus
801 1885 1144 1968 dereliquit
1184 1894 1446 1969 propter
1491 1887 1927 1952 festinantiam
1960 1888 2176 1971 fugae,
2224 1895 2294 1951 et
2338 1886 2559 1952 divino
2600 1895 2759 1949 nutu
2779 1902 2899 1968 per

562 1991 768 2055 multa
808 1994 1121 2053 annorum
1165 1990 1484 2053 curricula
1528 1991 1788 2056 suerunt
1828 1994 2198 2075 incorrupta
2236 1999 2625 2057 conservata
2687 1990 2901 2074 usque

561 2094 648 2158 ad
690 2103 980 2176 tempora
1023 2092 1095 2157 S.
1139 2093 1470 2178 Helenae,
1513 2114 1684 2180 quae
1725 2115 1806 2160 ea
1845 2099 2101 2181 reperit.

730 2199 1017 2282 Purgato
1050 2217 1207 2283 ergo
1251 2198 1396 2262 loco
1439 2201 1784 2265 ecclesiam
1830 2204 2029 2266 mirae
2070 2200 2567 2285 pulchritudinis
2622 2199 2903 2284 desuper

562 2301 953 2386 aedificavit,
1001 2312 1067 2366 et
1110 2306 1488 2368 convocatis
1531 2308 1789 2389 optimis
1833 2307 2190 2371 artificibus
2231 2308 2299 2370 in
2340 2306 2522 2390 ligno
2562 2315 2628 2369 et
2684 2304 2902 2389 lapido

566 2407 710 2491 (B)
773 2408 1195 2474 intentionem
1263 2427 1450 2473 suam
1502 2427 1656 2473 esse
1696 2410 1879 2495 dixit,
1922 2413 1990 2475 in
2029 2413 2155 2476 hoc
2189 2410 2333 2474 loco
2377 2409 2516 2474 fieri
2556 2412 2903 2494 pretiosis-

563 2513 793 2577 simam
834 2512 1178 2577 ecclesiam
1197 2557 1217 2591 ,
1257 2514 1351 2579 ita
1395 2521 1646 2598 tamon,
1698 2514 1869 2599 quod
1914 2534 2108 2600 rupes
2161 2514 2303 2597 illa,
2365 2517 2492 2579 sub
2535 2532 2666 2599 qua
2706 2514 2901 2578 natus

566 2625 672 2682 est
712 2612 1021 2682 Salvator
1059 2616 1320 2701 mundi,
1363 2619 1617 2701 integra
1669 2628 1980 2684 maneret.
2064 2620 2376 2683 Artifices
2428 2620 2648 2703 itaque
2685 2617 2901 2682 locum

564 2728 953 2805 apaverunt
993 2741 1110 2805 pro
1147 2721 1380 2805 grandi
1423 2723 1708 2786 ecclesia
1765 2723 2111 2808 erigenda,
2168 2732 2233 2788 et
2275 2743 2404 2791 non
2444 2724 2573 2786 nisi
2624 2722 2902 2786 electam

567 2830 897 2894 materiam
931 2828 1248 2910 lignorum
1278 2836 1345 2890 et
1381 2826 1666 2910 lapidum
1697 2826 2173 2911 disposuerunt,
2218 2826 2476 2891 tabulas
2506 2840 2899 2889 marmoreas

567 2933 884 2998 candidas
924 2941 990 2995 et
1030 2932 1290 3016 politas,
1335 2941 1399 2996 et
1423 2932 1759 2996 columnas
1779 2933 2302 3016 pretiosissimas,
2346 2941 2413 2994 et
2438 2931 2616 3014 ligna
2636 2928 2900 2994 cedrina

566 3046 638 3103 ot
676 3036 1084 3119 cypressina.
1169 3035 1278 3099 Ad
1319 3037 1488 3100 haec
1528 3044 1598 3099 et
1639 3036 1768 3100 alia
1809 3036 1991 3101 dedit
2032 3035 2465 3120 comparanda
2487 3034 2558 3098 S.
2599 3034 2899 3115 foemina,

564 3158 791 3205 aurum
845 3147 911 3202 et
988 3147 1324 3221 argentum
1381 3142 1528 3204 sine
1590 3139 1857 3206 defectu
1929 3142 2283 3224 praefectis
2336 3143 2557 3225 operis
2569 3144 2623 3233 ,'r
2655 3148 2722 3201 et
2773 3138 2899 3200 alia

564 3243 825 3309 metalla
863 3242 1095 3307 obtulit
1128 3243 1274 3304 sine
1307 3260 1631 3307 mensura.
1713 3244 2007 3318 Cunctos
2037 3255 2250 3309 autem
2277 3247 2559 3332 parietes
2594 3253 2662 3307 et
2692 3252 2898 3307 totum

559 3350 1006 3435 pavimentum
1052 3348 1324 3412 vestivit
1367 3367 1683 3414 marmore
1725 3348 2001 3413 candido
2046 3359 2111 3414 et
2155 3350 2358 3434 vario,
2403 3358 2471 3412 et
2500 3348 2898 3431 superiorem

564 3462 813 3541 partem
859 3454 1172 3537 parietum
1219 3452 1482 3537 depingi
1529 3453 1687 3518 fecit
1726 3471 1926 3537 opere
1957 3456 2268 3519 musaico.
2353 3454 2440 3518 Et
2462 3455 2554 3519 ita
2580 3453 2756 3537 facta
2775 3449 2899 3513 i'uit

562 3559 849 3622 ecclesia
903 3559 1142 3641 ingens
1196 3566 1262 3620 et
1322 3557 1580 3639 inclita,
1623 3558 1933 3644 oblonga,
1994 3559 2504 3640 ordinatissima,
2556 3557 2682 3638 ita,
2726 3550 2897 3638 quod

563 3678 807 3744 specus
847 3662 1209 3725 nativitatis
1237 3661 1494 3725 Domini
1537 3663 1774 3728 mansit
1816 3662 2061 3729 directe
2100 3665 2222 3727 sub
2271 3664 2468 3728 choro
2507 3661 2897 3742 incorrupta,

560 3758 798 3830 subtus'
845 3767 1302 3832 sanctuarium.
1387 3768 1513 3830 Est
1554 3766 1772 3831 au'tem
1815 3768 2099 3833 eeclesia
2156 3770 2285 3832 ista
2324 3766 2667 3831 aedificata
2719 3778 2896 3825 more

560 3869 986 3949 ecelesiarum
1048 3886 1470 3934 romanarum.
1590 3871 1809 3933 Habet
1886 3875 2056 3937 enim
2132 3873 2337 3957 primo
2400 3871 2482 3934 ab
2557 3867 2896 3934 occidente

559 3975 878 4059 porticum
920 3973 1381 4038 testudinatum
1418 3982 1573 4037 ante
1616 3974 1794 4039 fores
1834 3977 2181 4055 ecclesiae,
2226 3985 2296 4040 et
2334 3983 2486 4060 post
2526 3974 2897 4057 ingressum

559 4096 793 4142 navem
833 4094 1156 4162 magnam,
1196 4078 1397 4143 latam
1441 4086 1508 4141 et
1546 4078 1827 4163 longam,
1873 4089 1939 4143 et
1978 4088 2212 4165 postea
2250 4082 2318 4146 in
2340 4081 2587 4147 oriente
2611 4078 2896 4157 chorum,

557 4182 641 4250 ad
677 4201 869 4269 quem
911 4182 996 4247 de
1033 4183 1189 4248 navi
1230 4191 1336 4246 est
1369 4200 1690 4248 ”census
1716 4201 1838 4268 por
1865 4183 2122 4271 aliquos
2158 4184 2425 4269 gradus,
2465 4190 2535 4246 et.
2574 4180 2658 4246 do
2699 4179 2894 4245 choro

558 4296 665 4355 ost
726 4304 1045 4354 aseensus
1114 4288 1184 4351 in
1244 4289 1718 4375 sanctuarium,
1782 4298 1850 4357 et
1912 4290 1982 4355 in
2053 4290 2551 4376 presbyterium.¹
2652 4287 2746 4351 Et
2810 4282 2897 4349 do
