<?xml version="1.0" encoding="UTF-8"?>
<!DOCTYPE html PUBLIC "-//W3C//DTD XHTML 1.0 Transitional//EN"
    "http://www.w3.org/TR/xhtml1/DTD/xhtml1-transitional.dtd">
<html xmlns="http://www.w3.org/1999/xhtml" xml:lang="en" lang="en">
 <head>
  <title>
</title>
<meta http-equiv="Content-Type" content="text/html;charset=utf-8" />
  <meta name='ocr-system' content='tesseract 3.04.00' />
  <meta name='ocr-capabilities' content='ocr_page ocr_carea ocr_par ocr_line ocrx_word'/>
</head>
<body>
  <div class='ocr_page' id='page_1' title='image "./fratrisfelicisf00unkngoog_0320.png"; bbox 0 0 3242 5259; ppageno 0'>
   <div class='ocr_carea' id='block_1_1' title="bbox 482 527 2833 825">
    <p class='ocr_par' dir='ltr' id='par_1_1' title="bbox 482 527 2833 825">
     <span class='ocr_line' id='line_1_1' title="bbox 482 527 2833 616; baseline 0 -22"><span class='ocrx_word' id='word_1_1' title='bbox 482 532 683 614; x_wconf 79' lang='lat' dir='ltr'><strong>vasis,</strong></span> <span class='ocrx_word' id='word_1_2' title='bbox 728 531 1061 593; x_wconf 73' lang='lat' dir='ltr'><strong>mittentes</strong></span> <span class='ocrx_word' id='word_1_3' title='bbox 1107 546 1221 593; x_wconf 89' lang='lat' dir='ltr'><strong>eos</strong></span> <span class='ocrx_word' id='word_1_4' title='bbox 1243 529 1553 594; x_wconf 74' lang='lat' dir='ltr'><strong>ministris</strong></span> <span class='ocrx_word' id='word_1_5' title='bbox 1597 527 1914 593; x_wconf 85' lang='lat' dir='ltr'><strong>idolorum</strong></span> <span class='ocrx_word' id='word_1_6' title='bbox 1956 530 2023 594; x_wconf 87' lang='lat' dir='ltr'><strong>in</strong></span> <span class='ocrx_word' id='word_1_7' title='bbox 2066 532 2326 616; x_wconf 86' lang='lat' dir='ltr'><strong>templa,</strong></span> <span class='ocrx_word' id='word_1_8' title='bbox 2371 540 2439 595; x_wconf 88' lang='lat' dir='ltr'><strong>et</strong></span> <span class='ocrx_word' id='word_1_9' title='bbox 2487 532 2833 596; x_wconf 71' lang='lat' dir='ltr'><strong>&#39;sanaban-</strong></span> 
     </span>
     <span class='ocr_line' id='line_1_2' title="bbox 483 633 2828 702; baseline 0 -3"><span class='ocrx_word' id='word_1_10' title='bbox 483 646 601 699; x_wconf 92' lang='lat' dir='ltr'><strong>tnr.</strong></span> <span class='ocrx_word' id='word_1_11' title='bbox 690 634 804 699; x_wconf 86' lang='lat' dir='ltr'><strong>Sic</strong></span> <span class='ocrx_word' id='word_1_12' title='bbox 848 643 916 698; x_wconf 89' lang='lat' dir='ltr'><strong>et</strong></span> <span class='ocrx_word' id='word_1_13' title='bbox 956 635 1050 699; x_wconf 85' lang='lat' dir='ltr'><strong>illi</strong></span> <span class='ocrx_word' id='word_1_14' title='bbox 1090 635 1417 698; x_wconf 82' lang='lat' dir='ltr'><strong>criminosi</strong></span> <span class='ocrx_word' id='word_1_15' title='bbox 1463 635 1711 697; x_wconf 78' lang='lat' dir='ltr'><strong>faciunt</strong></span> <span class='ocrx_word' id='word_1_16' title='bbox 1750 633 1960 698; x_wconf 85' lang='lat' dir='ltr'><strong>hodie.</strong></span> <span class='ocrx_word' id='word_1_17' title='bbox 2006 638 2140 699; x_wconf 86' lang='lat' dir='ltr'><strong>Est</strong></span> <span class='ocrx_word' id='word_1_18' title='bbox 2181 637 2353 701; x_wconf 84' lang='lat' dir='ltr'><strong>enim</strong></span> <span class='ocrx_word' id='word_1_19' title='bbox 2400 647 2574 702; x_wconf 89' lang='lat' dir='ltr'><strong>retro</strong></span> <span class='ocrx_word' id='word_1_20' title='bbox 2619 637 2828 701; x_wconf 88' lang='lat' dir='ltr'><strong>locum</strong></span> 
     </span>
     <span class='ocr_line' id='line_1_3' title="bbox 482 737 2833 825; baseline 0 -20"><span class='ocrx_word' id='word_1_21' title='bbox 482 742 876 805; x_wconf 84' lang='lat' dir='ltr'><strong>inventionis</strong></span> <span class='ocrx_word' id='word_1_22' title='bbox 930 750 1197 804; x_wconf 79' lang='lat' dir='ltr'><strong>sanctae</strong></span> <span class='ocrx_word' id='word_1_23' title='bbox 1273 737 1470 819; x_wconf 73' lang='lat'><strong>(115</strong></span> <span class='ocrx_word' id='word_1_24' title='bbox 1494 739 1602 821; x_wconf 72' lang='grc' dir='ltr'><strong>Α)</strong></span> <span class='ocrx_word' id='word_1_25' title='bbox 1663 741 1876 804; x_wconf 85' lang='lat' dir='ltr'><strong>crucis</strong></span> <span class='ocrx_word' id='word_1_26' title='bbox 1941 742 2320 806; x_wconf 72' lang='lat' dir='ltr'><strong>concavitas</strong></span> <span class='ocrx_word' id='word_1_27' title='bbox 2379 741 2699 825; x_wconf 82' lang='lat' dir='ltr'><strong>profunda</strong></span> <span class='ocrx_word' id='word_1_28' title='bbox 2760 742 2833 806; x_wconf 89' lang='lat' dir='ltr'><strong>in</strong></span> 
     </span>
    </p>
   </div>
   <div class='ocr_carea' id='block_1_2' title="bbox 331 845 2834 931">
    <p class='ocr_par' dir='ltr' id='par_1_2' title="bbox 331 845 2834 931">
     <span class='ocr_line' id='line_1_4' title="bbox 331 845 2834 931; baseline 0.001 -21"><span class='ocrx_word' id='word_1_29' title='bbox 331 869 350 891; x_wconf 71' lang='lat'>=</span> <span class='ocrx_word' id='word_1_30' title='bbox 484 865 660 930; x_wconf 83' lang='lat' dir='ltr'><strong>rupe,</strong></span> <span class='ocrx_word' id='word_1_31' title='bbox 700 864 869 927; x_wconf 91' lang='lat' dir='ltr'><strong>qnae</strong></span> <span class='ocrx_word' id='word_1_32' title='bbox 915 845 1162 929; x_wconf 89' lang='lat' dir='ltr'><strong>repleta</strong></span> <span class='ocrx_word' id='word_1_33' title='bbox 1219 853 1329 908; x_wconf 91' lang='lat' dir='ltr'><strong>est</strong></span> <span class='ocrx_word' id='word_1_34' title='bbox 1380 847 1598 909; x_wconf 88' lang='lat' dir='ltr'><strong>barbis</strong></span> <span class='ocrx_word' id='word_1_35' title='bbox 1651 856 1716 909; x_wconf 89' lang='lat' dir='ltr'><strong>et</strong></span> <span class='ocrx_word' id='word_1_36' title='bbox 1760 847 1965 910; x_wconf 90' lang='lat' dir='ltr'><strong>comis</strong></span> <span class='ocrx_word' id='word_1_37' title='bbox 2008 848 2358 911; x_wconf 86' lang='lat' dir='ltr'><strong>hominnm.</strong></span> <span class='ocrx_word' id='word_1_38' title='bbox 2399 849 2488 911; x_wconf 74' lang='lat' dir='ltr'><strong>Et</strong></span> <span class='ocrx_word' id='word_1_39' title='bbox 2528 848 2834 931; x_wconf 80' lang='lat' dir='ltr'><strong>quamvis</strong></span> 
     </span>
    </p>
   </div>
   <div class='ocr_carea' id='block_1_3' title="bbox 482 950 2838 1560">
    <p class='ocr_par' dir='ltr' id='par_1_3' title="bbox 482 950 2838 1560">
     <span class='ocr_line' id='line_1_5' title="bbox 484 950 2832 1034; baseline 0 -20"><span class='ocrx_word' id='word_1_40' title='bbox 484 951 851 1034; x_wconf 83' lang='lat' dir='ltr'><strong>Sarraceni,</strong></span> <span class='ocrx_word' id='word_1_41' title='bbox 898 950 1114 1034; x_wconf 79' lang='lat' dir='ltr'><strong>Turci,</strong></span> <span class='ocrx_word' id='word_1_42' title='bbox 1158 971 1286 1015; x_wconf 88' lang='lat' dir='ltr'><strong>non</strong></span> <span class='ocrx_word' id='word_1_43' title='bbox 1326 951 1617 1034; x_wconf 85' lang='lat' dir='ltr'><strong>credant,</strong></span> <span class='ocrx_word' id='word_1_44' title='bbox 1683 960 1949 1015; x_wconf 88' lang='lat' dir='ltr'><strong>utuntur</strong></span> <span class='ocrx_word' id='word_1_45' title='bbox 1989 963 2118 1015; x_wconf 86' lang='lat' dir='ltr'><strong>tam</strong></span> <span class='ocrx_word' id='word_1_46' title='bbox 2160 953 2274 1017; x_wconf 90' lang='lat' dir='ltr'><strong>illo</strong></span> <span class='ocrx_word' id='word_1_47' title='bbox 2340 952 2484 1016; x_wconf 88' lang='lat' dir='ltr'><strong>loco</strong></span> <span class='ocrx_word' id='word_1_48' title='bbox 2560 960 2624 1015; x_wconf 90' lang='lat' dir='ltr'><strong>et</strong></span> <span class='ocrx_word' id='word_1_49' title='bbox 2686 952 2832 1015; x_wconf 86' lang='lat' dir='ltr'><strong>loco</strong></span> 
     </span>
     <span class='ocr_line' id='line_1_6' title="bbox 486 1057 2836 1142; baseline -0.001 -21"><span class='ocrx_word' id='word_1_50' title='bbox 486 1057 834 1121; x_wconf 79' lang='lat' dir='ltr'><strong>Calvariae</strong></span> <span class='ocrx_word' id='word_1_51' title='bbox 876 1075 993 1140; x_wconf 87' lang='lat' dir='ltr'><strong>pro</strong></span> <span class='ocrx_word' id='word_1_52' title='bbox 1036 1057 1176 1121; x_wconf 89' lang='lat' dir='ltr'><strong>suis</strong></span> <span class='ocrx_word' id='word_1_53' title='bbox 1220 1057 1803 1140; x_wconf 75' lang='lat' dir='ltr'><strong>superstitionibus.</strong></span> <span class='ocrx_word' id='word_1_54' title='bbox 1875 1060 1949 1122; x_wconf 89' lang='lat' dir='ltr'><strong>In</strong></span> <span class='ocrx_word' id='word_1_55' title='bbox 1993 1058 2104 1121; x_wconf 91' lang='lat' dir='ltr'><strong>illo</strong></span> <span class='ocrx_word' id='word_1_56' title='bbox 2145 1076 2349 1142; x_wconf 89' lang='lat' dir='ltr'><strong>specu</strong></span> <span class='ocrx_word' id='word_1_57' title='bbox 2400 1066 2504 1120; x_wconf 91' lang='lat' dir='ltr'><strong>est</strong></span> <span class='ocrx_word' id='word_1_58' title='bbox 2556 1058 2836 1141; x_wconf 88' lang='lat' dir='ltr'><strong>optimus</strong></span> 
     </span>
     <span class='ocr_line' id='line_1_7' title="bbox 482 1161 2832 1246; baseline 0 -20"><span class='ocrx_word' id='word_1_59' title='bbox 482 1180 685 1226; x_wconf 87' lang='lat' dir='ltr'><strong>sonus</strong></span> <span class='ocrx_word' id='word_1_60' title='bbox 729 1172 795 1225; x_wconf 91' lang='lat' dir='ltr'><strong>et</strong></span> <span class='ocrx_word' id='word_1_61' title='bbox 837 1163 1233 1245; x_wconf 88' lang='lat' dir='ltr'><strong>resonantia,</strong></span> <span class='ocrx_word' id='word_1_62' title='bbox 1279 1161 1467 1244; x_wconf 89' lang='lat' dir='ltr'><strong>cujus</strong></span> <span class='ocrx_word' id='word_1_63' title='bbox 1508 1163 1788 1228; x_wconf 77' lang='lat' dir='ltr'><strong>similem</strong></span> <span class='ocrx_word' id='word_1_64' title='bbox 1831 1181 1963 1226; x_wconf 90' lang='lat' dir='ltr'><strong>non</strong></span> <span class='ocrx_word' id='word_1_65' title='bbox 2003 1163 2224 1226; x_wconf 89' lang='lat' dir='ltr'><strong>audivi</strong></span> <span class='ocrx_word' id='word_1_66' title='bbox 2266 1164 2336 1227; x_wconf 90' lang='lat' dir='ltr'><strong>in</strong></span> <span class='ocrx_word' id='word_1_67' title='bbox 2380 1162 2597 1246; x_wconf 84' lang='lat' dir='ltr'><strong>aliquo</strong></span> <span class='ocrx_word' id='word_1_68' title='bbox 2636 1164 2832 1227; x_wconf 83' lang='lat' dir='ltr'><strong>choro</strong></span> 
     </span>
     <span class='ocr_line' id='line_1_8' title="bbox 482 1266 2837 1352; baseline -0.003 -16"><span class='ocrx_word' id='word_1_69' title='bbox 482 1269 590 1336; x_wconf 78' lang='lat' dir='ltr'><strong>vel</strong></span> <span class='ocrx_word' id='word_1_70' title='bbox 639 1268 943 1335; x_wconf 79' lang='lat' dir='ltr'><strong>ecclesia.</strong></span> <span class='ocrx_word' id='word_1_71' title='bbox 1024 1266 1213 1330; x_wconf 83' lang='lat' dir='ltr'><strong>Unde</strong></span> <span class='ocrx_word' id='word_1_72' title='bbox 1256 1267 1626 1352; x_wconf 87' lang='lat' dir='ltr'><strong>aliquoties,</strong></span> <span class='ocrx_word' id='word_1_73' title='bbox 1672 1266 1930 1351; x_wconf 88' lang='lat' dir='ltr'><strong>quando</strong></span> <span class='ocrx_word' id='word_1_74' title='bbox 1972 1268 2156 1331; x_wconf 88' lang='lat' dir='ltr'><strong>solus</strong></span> <span class='ocrx_word' id='word_1_75' title='bbox 2199 1270 2265 1332; x_wconf 93' lang='lat' dir='ltr'><strong>in</strong></span> <span class='ocrx_word' id='word_1_76' title='bbox 2338 1287 2416 1330; x_wconf 92' lang='lat' dir='ltr'><strong>eo</strong></span> <span class='ocrx_word' id='word_1_77' title='bbox 2462 1266 2554 1329; x_wconf 77' lang='lat' dir='ltr'><strong>sui</strong></span> <span class='ocrx_word' id='word_1_78' title='bbox 2574 1312 2594 1349; x_wconf 90' lang='lat'>,</span> <span class='ocrx_word' id='word_1_79' title='bbox 2640 1266 2837 1350; x_wconf 84' lang='lat' dir='ltr'><strong>plena</strong></span> 
     </span>
     <span class='ocr_line' id='line_1_9' title="bbox 485 1369 2838 1470; baseline 0.001 -38"><span class='ocrx_word' id='word_1_80' title='bbox 485 1378 554 1433; x_wconf 87' lang='lat' dir='ltr'><strong>et</strong></span> <span class='ocrx_word' id='word_1_81' title='bbox 595 1369 726 1470; x_wconf 78' lang='lat' dir='ltr'><strong>alta</strong></span> <span class='ocrx_word' id='word_1_82' title='bbox 764 1390 929 1436; x_wconf 87' lang='lat' dir='ltr'><strong>voce</strong></span> <span class='ocrx_word' id='word_1_83' title='bbox 974 1373 1237 1437; x_wconf 89' lang='lat' dir='ltr'><strong>cantavi</strong></span> <span class='ocrx_word' id='word_1_84' title='bbox 1280 1373 1677 1456; x_wconf 76' lang='lat' dir='ltr'><strong>antiphonas</strong></span> <span class='ocrx_word' id='word_1_85' title='bbox 1714 1371 1798 1435; x_wconf 91' lang='lat' dir='ltr'><strong>de</strong></span> <span class='ocrx_word' id='word_1_86' title='bbox 1846 1373 2227 1439; x_wconf 77' lang='lat' dir='ltr'><strong>inventione</strong></span> <span class='ocrx_word' id='word_1_87' title='bbox 2288 1380 2562 1437; x_wconf 85' lang='lat' dir='ltr'><strong>sanctae</strong></span> <span class='ocrx_word' id='word_1_88' title='bbox 2624 1372 2838 1435; x_wconf 84' lang='lat' dir='ltr'><strong>crucis</strong></span> 
     </span>
     <span class='ocr_line' id='line_1_10' title="bbox 487 1476 900 1560; baseline 0.005 -23"><span class='ocrx_word' id='word_1_89' title='bbox 487 1482 551 1537; x_wconf 85' lang='lat' dir='ltr'><strong>et</strong></span> <span class='ocrx_word' id='word_1_90' title='bbox 596 1476 900 1560; x_wconf 77' lang='lat' dir='ltr'><strong>hymnos.</strong></span> 
     </span>
    </p>
   </div>
   <div class='ocr_carea' id='block_1_4' title="bbox 484 1702 2836 1931">
    <p class='ocr_par' dir='ltr' id='par_1_4' title="bbox 484 1702 2836 1931">
     <span class='ocr_line' id='line_1_11' title="bbox 484 1702 2836 1807; baseline 0.001 -29"><span class='ocrx_word' id='word_1_91' title='bbox 484 1702 604 1781; x_wconf 88' lang='lat' dir='ltr'><strong>De</strong></span> <span class='ocrx_word' id='word_1_92' title='bbox 651 1708 1110 1785; x_wconf 85' lang='lat' dir='ltr'><strong>sanctissimo</strong></span> <span class='ocrx_word' id='word_1_93' title='bbox 1172 1716 1415 1785; x_wconf 89' lang='lat' dir='ltr'><strong>monte</strong></span> <span class='ocrx_word' id='word_1_94' title='bbox 1458 1706 1875 1800; x_wconf 84' lang='lat' dir='ltr'><strong>Calvariae‚</strong></span> <span class='ocrx_word' id='word_1_95' title='bbox 1923 1707 1997 1782; x_wconf 91' lang='lat' dir='ltr'><strong>in</strong></span> <span class='ocrx_word' id='word_1_96' title='bbox 2050 1729 2192 1807; x_wconf 92' lang='lat' dir='ltr'><strong>quo</strong></span> <span class='ocrx_word' id='word_1_97' title='bbox 2229 1705 2584 1785; x_wconf 88' lang='lat' dir='ltr'><strong>Dominus</strong></span> <span class='ocrx_word' id='word_1_98' title='bbox 2607 1704 2836 1782; x_wconf 81' lang='lat' dir='ltr'><strong>Jesus</strong></span> 
     </span>
     <span class='ocr_line' id='line_1_12' title="bbox 1272 1828 2086 1931; baseline -0.002 -27"><span class='ocrx_word' id='word_1_99' title='bbox 1272 1829 1665 1905; x_wconf 85' lang='lat' dir='ltr'><strong>crucifixus</strong></span> <span class='ocrx_word' id='word_1_100' title='bbox 1714 1828 2086 1931; x_wconf 84' lang='lat' dir='ltr'><strong>pependit.</strong></span> 
     </span>
    </p>
   </div>
   <div class='ocr_carea' id='block_1_5' title="bbox 391 2007 2843 4516">
    <p class='ocr_par' dir='ltr' id='par_1_5' title="bbox 391 2007 2843 4516">
     <span class='ocr_line' id='line_1_13' title="bbox 657 2007 2837 2095; baseline 0 -23"><span class='ocrx_word' id='word_1_101' title='bbox 657 2007 1143 2073; x_wconf 82' lang='lat' dir='ltr'><strong>Consummatis</strong></span> <span class='ocrx_word' id='word_1_102' title='bbox 1186 2012 1507 2094; x_wconf 86' lang='lat' dir='ltr'><strong>omnibus,</strong></span> <span class='ocrx_word' id='word_1_103' title='bbox 1551 2029 1721 2095; x_wconf 85' lang='lat' dir='ltr'><strong>quae</strong></span> <span class='ocrx_word' id='word_1_104' title='bbox 1765 2010 2023 2094; x_wconf 82' lang='lat' dir='ltr'><strong>agenda</strong></span> <span class='ocrx_word' id='word_1_105' title='bbox 2051 2018 2235 2073; x_wconf 83' lang='lat' dir='ltr'><strong>erant</strong></span> <span class='ocrx_word' id='word_1_106' title='bbox 2278 2013 2345 2073; x_wconf 85' lang='lat' dir='ltr'><strong>in</strong></span> <span class='ocrx_word' id='word_1_107' title='bbox 2377 2027 2583 2094; x_wconf 88' lang='lat' dir='ltr'><strong>specu</strong></span> <span class='ocrx_word' id='word_1_108' title='bbox 2624 2026 2837 2092; x_wconf 84' lang='lat' dir='ltr'><strong>sacro,</strong></span> 
     </span>
     <span class='ocr_line' id='line_1_14' title="bbox 491 2114 2840 2199; baseline 0 -23"><span class='ocrx_word' id='word_1_109' title='bbox 491 2131 641 2178; x_wconf 85' lang='lat' dir='ltr'><strong>mox</strong></span> <span class='ocrx_word' id='word_1_110' title='bbox 683 2114 766 2177; x_wconf 92' lang='lat' dir='ltr'><strong>de</strong></span> <span class='ocrx_word' id='word_1_111' title='bbox 805 2116 950 2180; x_wconf 91' lang='lat' dir='ltr'><strong>loco</strong></span> <span class='ocrx_word' id='word_1_112' title='bbox 991 2115 1403 2180; x_wconf 87' lang='lat' dir='ltr'><strong>ascendimus</strong></span> <span class='ocrx_word' id='word_1_113' title='bbox 1446 2124 1511 2178; x_wconf 91' lang='lat' dir='ltr'><strong>et</strong></span> <span class='ocrx_word' id='word_1_114' title='bbox 1564 2135 1681 2199; x_wconf 90' lang='lat' dir='ltr'><strong>per</strong></span> <span class='ocrx_word' id='word_1_115' title='bbox 1722 2116 1960 2178; x_wconf 86' lang='lat' dir='ltr'><strong>ostium</strong></span> <span class='ocrx_word' id='word_1_116' title='bbox 2018 2115 2239 2196; x_wconf 89' lang='lat' dir='ltr'><strong>templi</strong></span> <span class='ocrx_word' id='word_1_117' title='bbox 2295 2115 2648 2198; x_wconf 81' lang='lat' dir='ltr'><strong>reingressi</strong></span> <span class='ocrx_word' id='word_1_118' title='bbox 2716 2133 2840 2178; x_wconf 92' lang='lat' dir='ltr'><strong>su-</strong></span> 
     </span>
     <span class='ocr_line' id='line_1_15' title="bbox 490 2220 2835 2306; baseline -0.001 -24"><span class='ocrx_word' id='word_1_119' title='bbox 490 2237 637 2282; x_wconf 77' lang='lat' dir='ltr'><strong>mus</strong></span> <span class='ocrx_word' id='word_1_120' title='bbox 660 2268 682 2306; x_wconf 91' lang='lat'>,</span> <span class='ocrx_word' id='word_1_121' title='bbox 734 2231 800 2284; x_wconf 88' lang='lat' dir='ltr'><strong>et</strong></span> <span class='ocrx_word' id='word_1_122' title='bbox 860 2223 1334 2285; x_wconf 89' lang='lat' dir='ltr'><strong>circumeuntes</strong></span> <span class='ocrx_word' id='word_1_123' title='bbox 1397 2231 1624 2284; x_wconf 85' lang='lat' dir='ltr'><strong>cantor</strong></span> <span class='ocrx_word' id='word_1_124' title='bbox 1679 2220 1813 2282; x_wconf 88' lang='lat' dir='ltr'><strong>alta</strong></span> <span class='ocrx_word' id='word_1_125' title='bbox 1884 2238 2052 2283; x_wconf 92' lang='lat' dir='ltr'><strong>voce</strong></span> <span class='ocrx_word' id='word_1_126' title='bbox 2112 2220 2442 2283; x_wconf 75' lang='lat' dir='ltr'><strong>inchoavit</strong></span> <span class='ocrx_word' id='word_1_127' title='bbox 2487 2221 2835 2303; x_wconf 86' lang='lat' dir='ltr'><strong>hymnum:</strong></span> 
     </span>
     <span class='ocr_line' id='line_1_16' title="bbox 491 2323 2839 2411; baseline -0 -25"><span class='ocrx_word' id='word_1_128' title='bbox 491 2323 755 2389; x_wconf 85' lang='lat' dir='ltr'><strong>Vexilla</strong></span> <span class='ocrx_word' id='word_1_129' title='bbox 797 2329 973 2411; x_wconf 76' lang='lat' dir='ltr'><strong>reg-is</strong></span> <span class='ocrx_word' id='word_1_130' title='bbox 1015 2325 1357 2411; x_wconf 85' lang='lat' dir='ltr'><strong>prodeunt,</strong></span> <span class='ocrx_word' id='word_1_131' title='bbox 1399 2328 1631 2409; x_wconf 84' lang='lat' dir='ltr'><strong>fulget,</strong></span> <span class='ocrx_word' id='word_1_132' title='bbox 1679 2334 1804 2390; x_wconf 90' lang='lat' dir='ltr'><strong>etc.</strong></span> <span class='ocrx_word' id='word_1_133' title='bbox 1890 2326 1977 2387; x_wconf 87' lang='lat' dir='ltr'><strong>Et</strong></span> <span class='ocrx_word' id='word_1_134' title='bbox 2022 2342 2170 2387; x_wconf 85' lang='lat' dir='ltr'><strong>cnm</strong></span> <span class='ocrx_word' id='word_1_135' title='bbox 2208 2325 2321 2388; x_wconf 91' lang='lat' dir='ltr'><strong>illo</strong></span> <span class='ocrx_word' id='word_1_136' title='bbox 2389 2334 2585 2387; x_wconf 85' lang='lat' dir='ltr'><strong>cantu</strong></span> <span class='ocrx_word' id='word_1_137' title='bbox 2625 2341 2839 2407; x_wconf 87' lang='lat' dir='ltr'><strong>usque</strong></span> 
     </span>
     <span class='ocr_line' id='line_1_17' title="bbox 492 2427 2838 2515; baseline -0 -23"><span class='ocrx_word' id='word_1_138' title='bbox 492 2428 576 2491; x_wconf 84' lang='lat' dir='ltr'><strong>ad</strong></span> <span class='ocrx_word' id='word_1_139' title='bbox 618 2448 965 2495; x_wconf 88' lang='lat' dir='ltr'><strong>ascensum</strong></span> <span class='ocrx_word' id='word_1_140' title='bbox 1007 2434 1405 2496; x_wconf 65' lang='lat' dir='ltr'><strong>sanctissimi</strong></span> <span class='ocrx_word' id='word_1_141' title='bbox 1449 2431 1687 2495; x_wconf 84' lang='lat' dir='ltr'><strong>montis</strong></span> <span class='ocrx_word' id='word_1_142' title='bbox 1738 2427 2088 2492; x_wconf 86' lang='lat' dir='ltr'><strong>Calvariae</strong></span> <span class='ocrx_word' id='word_1_143' title='bbox 2131 2430 2471 2514; x_wconf 89' lang='lat' dir='ltr'><strong>venimus;</strong></span> <span class='ocrx_word' id='word_1_144' title='bbox 2531 2433 2599 2492; x_wconf 93' lang='lat' dir='ltr'><strong>in</strong></span> <span class='ocrx_word' id='word_1_145' title='bbox 2643 2448 2838 2515; x_wconf 84' lang='lat' dir='ltr'><strong>quem</strong></span> 
     </span>
     <span class='ocr_line' id='line_1_18' title="bbox 493 2533 2839 2623; baseline 0 -26"><span class='ocrx_word' id='word_1_146' title='bbox 493 2534 720 2601; x_wconf 80' lang='lat' dir='ltr'>XVIII</span> <span class='ocrx_word' id='word_1_147' title='bbox 759 2538 1066 2620; x_wconf 79' lang='lat' dir='ltr'><strong>gradibus</strong></span> <span class='ocrx_word' id='word_1_148' title='bbox 1109 2538 1381 2623; x_wconf 79' lang='lat' dir='ltr'><strong>lapideis</strong></span> <span class='ocrx_word' id='word_1_149' title='bbox 1424 2535 1838 2600; x_wconf 85' lang='lat' dir='ltr'><strong>ascendimus</strong></span> <span class='ocrx_word' id='word_1_150' title='bbox 1882 2534 1962 2596; x_wconf 88' lang='lat' dir='ltr'><strong>ab</strong></span> <span class='ocrx_word' id='word_1_151' title='bbox 2005 2533 2295 2597; x_wconf 70' lang='lat' dir='ltr'><strong>interiori</strong></span> <span class='ocrx_word' id='word_1_152' title='bbox 2360 2535 2644 2599; x_wconf 88' lang='lat' dir='ltr'><strong>ecclesia</strong></span> <span class='ocrx_word' id='word_1_153' title='bbox 2683 2554 2839 2599; x_wconf 90' lang='lat' dir='ltr'><strong>snr-</strong></span> 
     </span>
     <span class='ocr_line' id='line_1_19' title="bbox 492 2637 2839 2728; baseline 0 -25"><span class='ocrx_word' id='word_1_154' title='bbox 492 2654 638 2704; x_wconf 72' lang='lat' dir='ltr'><strong>sum</strong></span> <span class='ocrx_word' id='word_1_155' title='bbox 694 2648 762 2703; x_wconf 86' lang='lat' dir='ltr'><strong>et</strong></span> <span class='ocrx_word' id='word_1_156' title='bbox 823 2646 1159 2728; x_wconf 87' lang='lat' dir='ltr'><strong>superius,</strong></span> <span class='ocrx_word' id='word_1_157' title='bbox 1215 2646 1282 2707; x_wconf 89' lang='lat' dir='ltr'><strong>in</strong></span> <span class='ocrx_word' id='word_1_158' title='bbox 1341 2662 1536 2707; x_wconf 89' lang='lat' dir='ltr'><strong>unam</strong></span> <span class='ocrx_word' id='word_1_159' title='bbox 1578 2639 1853 2705; x_wconf 85' lang='lat' dir='ltr'><strong>lucidam</strong></span> <span class='ocrx_word' id='word_1_160' title='bbox 1879 2684 1900 2722; x_wconf 89' lang='lat'><em>‚</em></span> <span class='ocrx_word' id='word_1_161' title='bbox 1945 2637 2312 2723; x_wconf 86' lang='lat' dir='ltr'><strong>pulchram,</strong></span> <span class='ocrx_word' id='word_1_162' title='bbox 2356 2659 2672 2704; x_wconf 86' lang='lat' dir='ltr'><strong>marmore</strong></span> <span class='ocrx_word' id='word_1_163' title='bbox 2712 2659 2839 2724; x_wconf 88' lang='lat' dir='ltr'><strong>po-</strong></span> 
     </span>
     <span class='ocr_line' id='line_1_20' title="bbox 495 2741 2838 2832; baseline 0 -26"><span class='ocrx_word' id='word_1_164' title='bbox 495 2741 609 2807; x_wconf 75' lang='lat' dir='ltr'><strong>tito</strong></span> <span class='ocrx_word' id='word_1_165' title='bbox 652 2753 721 2808; x_wconf 90' lang='lat' dir='ltr'><strong>et</strong></span> <span class='ocrx_word' id='word_1_166' title='bbox 764 2750 944 2812; x_wconf 90' lang='lat' dir='ltr'><strong>vario</strong></span> <span class='ocrx_word' id='word_1_167' title='bbox 989 2757 1278 2813; x_wconf 88' lang='lat' dir='ltr'><strong>ornatam</strong></span> <span class='ocrx_word' id='word_1_168' title='bbox 1318 2747 1631 2832; x_wconf 85' lang='lat' dir='ltr'><strong>capellam</strong></span> <span class='ocrx_word' id='word_1_169' title='bbox 1676 2747 1995 2826; x_wconf 88' lang='lat' dir='ltr'><strong>venimus,</strong></span> <span class='ocrx_word' id='word_1_170' title='bbox 2034 2745 2101 2807; x_wconf 91' lang='lat' dir='ltr'><strong>in</strong></span> <span class='ocrx_word' id='word_1_171' title='bbox 2151 2762 2281 2827; x_wconf 84' lang='lat' dir='ltr'><strong>qua</strong></span> <span class='ocrx_word' id='word_1_172' title='bbox 2314 2746 2553 2809; x_wconf 86' lang='lat' dir='ltr'><strong>multae</strong></span> <span class='ocrx_word' id='word_1_173' title='bbox 2586 2744 2838 2828; x_wconf 90' lang='lat' dir='ltr'><strong>pende-</strong></span> 
     </span>
     <span class='ocr_line' id='line_1_21' title="bbox 495 2847 2838 2935; baseline -0 -24"><span class='ocrx_word' id='word_1_174' title='bbox 495 2847 653 2913; x_wconf 69' lang='lat' dir='ltr'><strong>bant</strong></span> <span class='ocrx_word' id='word_1_175' title='bbox 707 2850 1039 2935; x_wconf 70' lang='lat' dir='ltr'><strong>lampades</strong></span> <span class='ocrx_word' id='word_1_176' title='bbox 1098 2855 1410 2918; x_wconf 76' lang='lat' dir='ltr'><strong>ardentes</strong></span> <span class='ocrx_word' id='word_1_177' title='bbox 1467 2862 1531 2915; x_wconf 89' lang='lat' dir='ltr'><strong>et</strong></span> <span class='ocrx_word' id='word_1_178' title='bbox 1591 2853 1715 2915; x_wconf 89' lang='lat' dir='ltr'><strong>tria</strong></span> <span class='ocrx_word' id='word_1_179' title='bbox 1770 2851 1859 2913; x_wconf 89' lang='lat' dir='ltr'><strong>ibi</strong></span> <span class='ocrx_word' id='word_1_180' title='bbox 1921 2850 2149 2913; x_wconf 84' lang='lat' dir='ltr'><strong>altaria</strong></span> <span class='ocrx_word' id='word_1_181' title='bbox 2217 2853 2481 2913; x_wconf 80' lang='lat' dir='ltr'><strong>stabant</strong></span> <span class='ocrx_word' id='word_1_182' title='bbox 2536 2851 2838 2914; x_wconf 87' lang='lat' dir='ltr'><strong>decorata</strong></span> 
     </span>
     <span class='ocr_line' id='line_1_22' title="bbox 494 2952 2832 3041; baseline 0.001 -26"><span class='ocrx_word' id='word_1_183' title='bbox 494 2953 768 3037; x_wconf 88' lang='lat' dir='ltr'><strong>picturis</strong></span> <span class='ocrx_word' id='word_1_184' title='bbox 807 2957 888 3020; x_wconf 91' lang='lat' dir='ltr'><strong>de</strong></span> <span class='ocrx_word' id='word_1_185' title='bbox 930 2978 1126 3041; x_wconf 89' lang='lat' dir='ltr'><strong>opere</strong></span> <span class='ocrx_word' id='word_1_186' title='bbox 1170 2960 1495 3041; x_wconf 87' lang='lat' dir='ltr'><strong>musaico,</strong></span> <span class='ocrx_word' id='word_1_187' title='bbox 1541 2966 1607 3019; x_wconf 91' lang='lat' dir='ltr'><strong>et</strong></span> <span class='ocrx_word' id='word_1_188' title='bbox 1650 2964 1792 3019; x_wconf 89' lang='lat' dir='ltr'><strong>erat</strong></span> <span class='ocrx_word' id='word_1_189' title='bbox 1838 2954 2091 3038; x_wconf 91' lang='lat' dir='ltr'><strong>capella</strong></span> <span class='ocrx_word' id='word_1_190' title='bbox 2155 2952 2239 3017; x_wconf 90' lang='lat' dir='ltr'><strong>de</strong></span> <span class='ocrx_word' id='word_1_191' title='bbox 2293 2974 2491 3037; x_wconf 88' lang='lat' dir='ltr'><strong>opere</strong></span> <span class='ocrx_word' id='word_1_192' title='bbox 2530 2953 2832 3017; x_wconf 67' lang='lat' dir='ltr'><strong>arcuatis</strong></span> 
     </span>
     <span class='ocr_line' id='line_1_23' title="bbox 497 3057 2835 3143; baseline -0.002 -19"><span class='ocrx_word' id='word_1_193' title='bbox 497 3057 691 3143; x_wconf 74' lang='lat' dir='ltr'><strong>facta,</strong></span> <span class='ocrx_word' id='word_1_194' title='bbox 727 3061 798 3123; x_wconf 91' lang='lat' dir='ltr'><strong>in</strong></span> <span class='ocrx_word' id='word_1_195' title='bbox 841 3062 1051 3126; x_wconf 87' lang='lat' dir='ltr'><strong>medio</strong></span> <span class='ocrx_word' id='word_1_196' title='bbox 1094 3062 1393 3125; x_wconf 87' lang='lat' dir='ltr'><strong>columna</strong></span> <span class='ocrx_word' id='word_1_197' title='bbox 1436 3080 1796 3125; x_wconf 88' lang='lat' dir='ltr'><strong>marmorea</strong></span> <span class='ocrx_word' id='word_1_198' title='bbox 1819 3067 2230 3123; x_wconf 86' lang='lat' dir='ltr'><strong>sustentante</strong></span> <span class='ocrx_word' id='word_1_199' title='bbox 2268 3057 2650 3123; x_wconf 84' lang='lat' dir='ltr'><strong>aedificium.</strong></span> <span class='ocrx_word' id='word_1_200' title='bbox 2696 3057 2835 3121; x_wconf 85' lang='lat' dir='ltr'><strong>Sub</strong></span> 
     </span>
     <span class='ocr_line' id='line_1_24' title="bbox 494 3161 2840 3251; baseline -0.001 -22"><span class='ocrx_word' id='word_1_201' title='bbox 494 3180 652 3229; x_wconf 68' lang='lat' dir='ltr'><strong>utcu</strong></span> <span class='ocrx_word' id='word_1_202' title='bbox 708 3166 1053 3229; x_wconf 84' lang='lat' dir='ltr'><strong>testudinis</strong></span> <span class='ocrx_word' id='word_1_203' title='bbox 1109 3165 1347 3251; x_wconf 88' lang='lat' dir='ltr'><strong>depicti</strong></span> <span class='ocrx_word' id='word_1_204' title='bbox 1399 3176 1583 3231; x_wconf 86' lang='lat' dir='ltr'><strong>erant</strong></span> <span class='ocrx_word' id='word_1_205' title='bbox 1639 3165 1855 3230; x_wconf 86' lang='lat' dir='ltr'><strong>David</strong></span> <span class='ocrx_word' id='word_1_206' title='bbox 1898 3172 1966 3227; x_wconf 90' lang='lat' dir='ltr'><strong>et</strong></span> <span class='ocrx_word' id='word_1_207' title='bbox 2007 3164 2333 3228; x_wconf 88' lang='lat' dir='ltr'><strong>Salomon.</strong></span> <span class='ocrx_word' id='word_1_208' title='bbox 2429 3161 2645 3228; x_wconf 83' lang='lat' dir='ltr'><strong>David</strong></span> <span class='ocrx_word' id='word_1_209' title='bbox 2687 3164 2840 3246; x_wconf 85' lang='lat' dir='ltr'><strong>qui-</strong></span> 
     </span>
     <span class='ocr_line' id='line_1_25' title="bbox 497 3266 2838 3355; baseline 0.002 -28"><span class='ocrx_word' id='word_1_210' title='bbox 497 3266 641 3331; x_wconf 78' lang='lat' dir='ltr'><strong>dem</strong></span> <span class='ocrx_word' id='word_1_211' title='bbox 689 3287 829 3331; x_wconf 67' lang='lat' dir='ltr'><strong>eum</strong></span> <span class='ocrx_word' id='word_1_212' title='bbox 884 3270 989 3331; x_wconf 77' lang='lat' dir='ltr'><strong>illu</strong></span> <span class='ocrx_word' id='word_1_213' title='bbox 1037 3291 1270 3331; x_wconf 62' lang='lat' dir='ltr'><strong>versu:</strong></span> <span class='ocrx_word' id='word_1_214' title='bbox 1330 3273 1435 3355; x_wconf 80' lang='lat' dir='ltr'><strong>qui</strong></span> <span class='ocrx_word' id='word_1_215' title='bbox 1490 3272 1719 3335; x_wconf 71' lang='lat' dir='ltr'><strong>edebat</strong></span> <span class='ocrx_word' id='word_1_216' title='bbox 1763 3289 1968 3355; x_wconf 87' lang='lat' dir='ltr'><strong>panes</strong></span> <span class='ocrx_word' id='word_1_217' title='bbox 2012 3288 2193 3335; x_wconf 90' lang='lat' dir='ltr'><strong>meos</strong></span> <span class='ocrx_word' id='word_1_218' title='bbox 2239 3270 2558 3353; x_wconf 76' lang='lat' dir='ltr'><strong>magnific.</strong></span> <span class='ocrx_word' id='word_1_219' title='bbox 2639 3268 2838 3331; x_wconf 85' lang='lat' dir='ltr'><strong>Salo-</strong></span> 
     </span>
     <span class='ocr_line' id='line_1_26' title="bbox 497 3374 2838 3459; baseline 0 -24"><span class='ocrx_word' id='word_1_220' title='bbox 497 3391 645 3435; x_wconf 71' lang='lat' dir='ltr'><strong>mnu</strong></span> <span class='ocrx_word' id='word_1_221' title='bbox 709 3387 917 3435; x_wconf 70' lang='lat' dir='ltr'><strong>autem</strong></span> <span class='ocrx_word' id='word_1_222' title='bbox 969 3395 1106 3437; x_wconf 71' lang='lat' dir='ltr'><strong>cum</strong></span> <span class='ocrx_word' id='word_1_223' title='bbox 1186 3379 1326 3439; x_wconf 63' lang='lat' dir='ltr'><strong>illo:</strong></span> <span class='ocrx_word' id='word_1_224' title='bbox 1382 3383 1739 3459; x_wconf 66' lang='lat' dir='ltr'><strong>supientiae</strong></span> <span class='ocrx_word' id='word_1_225' title='bbox 1801 3374 2172 3439; x_wconf 77' lang='lat' dir='ltr'><strong>aedificavit</strong></span> <span class='ocrx_word' id='word_1_226' title='bbox 2243 3374 2368 3437; x_wconf 82' lang='lat' dir='ltr'><strong>sibi</strong></span> <span class='ocrx_word' id='word_1_227' title='bbox 2422 3374 2708 3456; x_wconf 84' lang='lat' dir='ltr'><strong>domum3</strong></span> <span class='ocrx_word' id='word_1_228' title='bbox 2769 3382 2838 3437; x_wconf 87' lang='lat' dir='ltr'><strong>et</strong></span> 
     </span>
     <span class='ocr_line' id='line_1_27' title="bbox 497 3479 2835 3566; baseline 0.001 -26"><span class='ocrx_word' id='word_1_229' title='bbox 497 3479 685 3559; x_wconf 72' lang='lat' dir='ltr'><strong>signa</strong></span> <span class='ocrx_word' id='word_1_230' title='bbox 741 3483 1194 3543; x_wconf 56' lang='lat' dir='ltr'><strong>immutationis</strong></span> <span class='ocrx_word' id='word_1_231' title='bbox 1266 3487 1466 3543; x_wconf 61' lang='lat' dir='ltr'><strong>[sans.</strong></span> <span class='ocrx_word' id='word_1_232' title='bbox 1582 3487 1762 3546; x_wconf 74' lang='lat' dir='ltr'><strong>ilaec</strong></span> <span class='ocrx_word' id='word_1_233' title='bbox 1824 3480 2078 3566; x_wconf 90' lang='lat' dir='ltr'><strong>capella</strong></span> <span class='ocrx_word' id='word_1_234' title='bbox 2140 3488 2243 3542; x_wconf 90' lang='lat' dir='ltr'><strong>est</strong></span> <span class='ocrx_word' id='word_1_235' title='bbox 2302 3497 2500 3563; x_wconf 89' lang='lat' dir='ltr'><strong>super</strong></span> <span class='ocrx_word' id='word_1_236' title='bbox 2552 3489 2835 3543; x_wconf 84' lang='lat' dir='ltr'><strong>montem</strong></span> 
     </span>
     <span class='ocr_line' id='line_1_28' title="bbox 399 3579 2834 3668; baseline 0.002 -25"><span class='ocrx_word' id='word_1_237' title='bbox 399 3650 400 3654; x_wconf 36' lang='lat'>,</span> <span class='ocrx_word' id='word_1_238' title='bbox 497 3579 841 3647; x_wconf 52' lang='lat' dir='ltr'><strong>[latratas</strong></span> <span class='ocrx_word' id='word_1_239' title='bbox 885 3587 1242 3651; x_wconf 56' lang='lat' dir='ltr'><strong>aedificata.</strong></span> <span class='ocrx_word' id='word_1_240' title='bbox 1334 3591 1494 3651; x_wconf 73' lang='lat' dir='ltr'><strong>Cum</strong></span> <span class='ocrx_word' id='word_1_241' title='bbox 1546 3605 1769 3652; x_wconf 70' lang='lat' dir='ltr'><strong>oannes</strong></span> <span class='ocrx_word' id='word_1_242' title='bbox 1813 3589 1881 3652; x_wconf 83' lang='lat' dir='ltr'><strong>in</strong></span> <span class='ocrx_word' id='word_1_243' title='bbox 1926 3604 2068 3650; x_wconf 73' lang='lat' dir='ltr'><strong>eam</strong></span> <span class='ocrx_word' id='word_1_244' title='bbox 2113 3586 2547 3668; x_wconf 75' lang='lat' dir='ltr'><strong>venissemuS,</strong></span> <span class='ocrx_word' id='word_1_245' title='bbox 2591 3594 2658 3648; x_wconf 80' lang='lat' dir='ltr'><strong>et</strong></span> <span class='ocrx_word' id='word_1_246' title='bbox 2706 3586 2834 3649; x_wconf 86' lang='lat' dir='ltr'><strong>iam</strong></span> 
     </span>
     <span class='ocr_line' id='line_1_29' title="bbox 497 3687 2837 3775; baseline 0.001 -26"><span class='ocrx_word' id='word_1_247' title='bbox 497 3687 581 3751; x_wconf 68' lang='lat' dir='ltr'><strong>ad</strong></span> <span class='ocrx_word' id='word_1_248' title='bbox 621 3691 877 3751; x_wconf 71' lang='lat' dir='ltr'><strong>neutum</strong></span> <span class='ocrx_word' id='word_1_249' title='bbox 925 3695 1110 3755; x_wconf 61' lang='lat' dir='ltr'><strong>imnis</strong></span> <span class='ocrx_word' id='word_1_250' title='bbox 1158 3695 1606 3755; x_wconf 61' lang='lat' dir='ltr'><strong>ostenderetur</strong></span> <span class='ocrx_word' id='word_1_251' title='bbox 1650 3703 1831 3775; x_wconf 81' lang='lat' dir='ltr'><strong>petra</strong></span> <span class='ocrx_word' id='word_1_252' title='bbox 1867 3691 1982 3756; x_wconf 87' lang='lat' dir='ltr'><strong>illa</strong></span> <span class='ocrx_word' id='word_1_253' title='bbox 2023 3690 2334 3756; x_wconf 85' lang='lat' dir='ltr'><strong>mirabilis</strong></span> <span class='ocrx_word' id='word_1_254' title='bbox 2360 3734 2381 3774; x_wconf 87' lang='lat'>,</span> <span class='ocrx_word' id='word_1_255' title='bbox 2421 3709 2613 3773; x_wconf 80' lang='lat' dir='ltr'><strong>rupes</strong></span> <span class='ocrx_word' id='word_1_256' title='bbox 2656 3689 2837 3753; x_wconf 87' lang='lat' dir='ltr'><strong>desi-</strong></span> 
     </span>
     <span class='ocr_line' id='line_1_30' title="bbox 501 3791 2840 3883; baseline 0.001 -28"><span class='ocrx_word' id='word_1_257' title='bbox 501 3791 825 3871; x_wconf 62' lang='lat' dir='ltr'><strong>derabilia,</strong></span> <span class='ocrx_word' id='word_1_258' title='bbox 869 3799 1178 3879; x_wconf 67' lang='lat' dir='ltr'><strong>scopulus</strong></span> <span class='ocrx_word' id='word_1_259' title='bbox 1222 3799 1534 3879; x_wconf 65' lang='lat' dir='ltr'><strong>amabilis,</strong></span> <span class='ocrx_word' id='word_1_260' title='bbox 1582 3799 1747 3883; x_wconf 73' lang='lat' dir='ltr'><strong>lupis</strong></span> <span class='ocrx_word' id='word_1_261' title='bbox 1791 3797 2152 3882; x_wconf 82' lang='lat' dir='ltr'><strong>laudabilis,</strong></span> <span class='ocrx_word' id='word_1_262' title='bbox 2193 3814 2422 3861; x_wconf 77' lang='lat' dir='ltr'><strong>saxum</strong></span> <span class='ocrx_word' id='word_1_263' title='bbox 2465 3794 2840 3859; x_wconf 75' lang='lat' dir='ltr'><strong>venerabile</strong></span> 
     </span>
     <span class='ocr_line' id='line_1_31' title="bbox 493 3900 2832 3987; baseline 0.002 -28"><span class='ocrx_word' id='word_1_264' title='bbox 493 3915 637 3963; x_wconf 67' lang='lat' dir='ltr'><strong>cum</strong></span> <span class='ocrx_word' id='word_1_265' title='bbox 681 3903 1013 3983; x_wconf 66' lang='lat' dir='ltr'><strong>spectabili</strong></span> <span class='ocrx_word' id='word_1_266' title='bbox 1066 3907 1394 3983; x_wconf 41' lang='lat' dir='ltr'><strong>ihi-nmine.</strong></span> <span class='ocrx_word' id='word_1_267' title='bbox 1442 3911 1502 3963; x_wconf 79' lang='lat' dir='ltr'><strong>iu</strong></span> <span class='ocrx_word' id='word_1_268' title='bbox 1550 3927 1677 3987; x_wconf 73' lang='lat' dir='ltr'><strong>qun</strong></span> <span class='ocrx_word' id='word_1_269' title='bbox 1718 3904 2132 3967; x_wconf 69' lang='lat' dir='ltr'><strong>sanctissima</strong></span> <span class='ocrx_word' id='word_1_270' title='bbox 2171 3921 2334 3965; x_wconf 82' lang='lat' dir='ltr'><strong>crux</strong></span> <span class='ocrx_word' id='word_1_271' title='bbox 2393 3918 2540 3964; x_wconf 86' lang='lat' dir='ltr'><strong>cum</strong></span> <span class='ocrx_word' id='word_1_272' title='bbox 2587 3900 2832 3965; x_wconf 76' lang='lat' dir='ltr'><strong>Cruci-</strong></span> 
     </span>
     <span class='ocr_line' id='line_1_32' title="bbox 493 3999 2837 4094; baseline 0.001 -27"><span class='ocrx_word' id='word_1_273' title='bbox 493 3999 625 4067; x_wconf 72' lang='lat' dir='ltr'><strong>ssxn</strong></span> <span class='ocrx_word' id='word_1_274' title='bbox 668 4003 877 4067; x_wconf 72' lang='lat' dir='ltr'><strong>fuerat</strong></span> <span class='ocrx_word' id='word_1_275' title='bbox 925 4011 1162 4087; x_wconf 47' lang='lat' dir='ltr'><strong>infixa..</strong></span> <span class='ocrx_word' id='word_1_276' title='bbox 1218 4019 1290 4067; x_wconf 71' lang='lat' dir='ltr'><strong>nt</strong></span> <span class='ocrx_word' id='word_1_277' title='bbox 1346 4011 1506 4071; x_wconf 70' lang='lat' dir='ltr'><strong>haee</strong></span> <span class='ocrx_word' id='word_1_278' title='bbox 1570 4015 1980 4094; x_wconf 76' lang='lat' dir='ltr'><strong>intueremur,</strong></span> <span class='ocrx_word' id='word_1_279' title='bbox 2041 4006 2361 4090; x_wconf 85' lang='lat' dir='ltr'><strong>perterriti</strong></span> <span class='ocrx_word' id='word_1_280' title='bbox 2420 4008 2837 4070; x_wconf 82' lang='lat' dir='ltr'><strong>vehementer</strong></span> 
     </span>
     <span class='ocr_line' id='line_1_33' title="bbox 493 4110 2834 4199; baseline 0.003 -28"><span class='ocrx_word' id='word_1_281' title='bbox 493 4111 561 4171; x_wconf 68' lang='lat' dir='ltr'><strong>ci</strong></span> <span class='ocrx_word' id='word_1_282' title='bbox 601 4111 905 4175; x_wconf 63' lang='lat' dir='ltr'><strong>mnflussi</strong></span> <span class='ocrx_word' id='word_1_283' title='bbox 945 4131 985 4175; x_wconf 68' lang='lat' dir='ltr'><strong>a</strong></span> <span class='ocrx_word' id='word_1_284' title='bbox 1033 4123 1206 4175; x_wconf 69' lang='lat' dir='ltr'><strong>tanta</strong></span> <span class='ocrx_word' id='word_1_285' title='bbox 1250 4119 1610 4191; x_wconf 71' lang='lat' dir='ltr'><strong>sanctitate,</strong></span> <span class='ocrx_word' id='word_1_286' title='bbox 1657 4114 1839 4199; x_wconf 81' lang='lat' dir='ltr'><strong>proni</strong></span> <span class='ocrx_word' id='word_1_287' title='bbox 1881 4114 1949 4177; x_wconf 83' lang='lat' dir='ltr'><strong>in</strong></span> <span class='ocrx_word' id='word_1_288' title='bbox 2015 4120 2254 4176; x_wconf 76' lang='lat' dir='ltr'><strong>terram</strong></span> <span class='ocrx_word' id='word_1_289' title='bbox 2322 4110 2684 4185; x_wconf 71' lang='lat' dir='ltr'><strong>cecidimus</strong></span> <span class='ocrx_word' id='word_1_290' title='bbox 2765 4112 2834 4177; x_wconf 74' lang='lat' dir='ltr'><strong>in</strong></span> 
     </span>
     <span class='ocr_line' id='line_1_34' title="bbox 391 4207 2837 4301; baseline 0 -22"><span class='ocrx_word' id='word_1_291' title='bbox 391 4220 400 4279; x_wconf 69' lang='lat'>1</span> <span class='ocrx_word' id='word_1_292' title='bbox 490 4207 693 4280; x_wconf 61' lang='lat' dir='ltr'><strong>faetor</strong></span> <span class='ocrx_word' id='word_1_293' title='bbox 733 4227 1017 4299; x_wconf 67' lang='lat' dir='ltr'><strong>nostras,</strong></span> <span class='ocrx_word' id='word_1_294' title='bbox 1062 4231 1122 4279; x_wconf 72' lang='lat' dir='ltr'><strong>nt</strong></span> <span class='ocrx_word' id='word_1_295' title='bbox 1174 4223 1298 4283; x_wconf 71' lang='lat' dir='ltr'><strong>iam</strong></span> <span class='ocrx_word' id='word_1_296' title='bbox 1326 4239 1450 4279; x_wconf 76' lang='lat' dir='ltr'><strong>nnn</strong></span> <span class='ocrx_word' id='word_1_297' title='bbox 1474 4219 1856 4283; x_wconf 70' lang='lat' dir='ltr'><strong>audiebatur</strong></span> <span class='ocrx_word' id='word_1_298' title='bbox 1897 4227 2150 4301; x_wconf 87' lang='lat' dir='ltr'><strong>cantus,</strong></span> <span class='ocrx_word' id='word_1_299' title='bbox 2179 4216 2301 4280; x_wconf 89' lang='lat' dir='ltr'><strong>sed</strong></span> <span class='ocrx_word' id='word_1_300' title='bbox 2342 4217 2662 4301; x_wconf 81' lang='lat' dir='ltr'><strong>planctus,</strong></span> <span class='ocrx_word' id='word_1_301' title='bbox 2704 4235 2837 4281; x_wconf 89' lang='lat' dir='ltr'><strong>non</strong></span> 
     </span>
     <span class='ocr_line' id='line_1_35' title="bbox 493 4319 2838 4406; baseline 0 -23"><span class='ocrx_word' id='word_1_302' title='bbox 493 4319 789 4403; x_wconf 65' lang='lat' dir='ltr'><strong>[imitus.</strong></span> <span class='ocrx_word' id='word_1_303' title='bbox 833 4319 953 4387; x_wconf 65' lang='lat' dir='ltr'><strong>aad</strong></span> <span class='ocrx_word' id='word_1_304' title='bbox 993 4327 1186 4389; x_wconf 70' lang='lat' dir='ltr'><strong>flotus</strong></span> <span class='ocrx_word' id='word_1_305' title='bbox 1230 4335 1290 4387; x_wconf 69' lang='lat' dir='ltr'><strong>nt</strong></span> <span class='ocrx_word' id='word_1_306' title='bbox 1342 4324 1646 4387; x_wconf 59' lang='lat' dir='ltr'><strong>titulatus.</strong></span> <span class='ocrx_word' id='word_1_307' title='bbox 1734 4325 1974 4388; x_wconf 87' lang='lat' dir='ltr'><strong>Nullus</strong></span> <span class='ocrx_word' id='word_1_308' title='bbox 2012 4325 2101 4390; x_wconf 78' lang='lat' dir='ltr'><strong>ibi</strong></span> <span class='ocrx_word' id='word_1_309' title='bbox 2144 4332 2306 4406; x_wconf 82' lang='lat' dir='ltr'><strong>erat,</strong></span> <span class='ocrx_word' id='word_1_310' title='bbox 2355 4323 2467 4406; x_wconf 84' lang='lat' dir='ltr'><strong>qui</strong></span> <span class='ocrx_word' id='word_1_311' title='bbox 2511 4340 2589 4385; x_wconf 90' lang='lat' dir='ltr'><strong>se</strong></span> <span class='ocrx_word' id='word_1_312' title='bbox 2612 4330 2838 4405; x_wconf 89' lang='lat' dir='ltr'><strong>posset</strong></span> 
     </span>
     <span class='ocr_line' id='line_1_36' title="bbox 493 4423 2843 4516; baseline 0.001 -30"><span class='ocrx_word' id='word_1_313' title='bbox 493 4443 537 4487; x_wconf 76' lang='grc' dir='ltr'>ι</span> <span class='ocrx_word' id='word_1_314' title='bbox 567 4423 873 4511; x_wconf 60' lang='lat' dir='ltr'><strong>&#39;aemuia</strong></span> <span class='ocrx_word' id='word_1_315' title='bbox 921 4439 985 4491; x_wconf 71' lang='lat' dir='ltr'><strong>ot</strong></span> <span class='ocrx_word' id='word_1_316' title='bbox 1029 4427 1378 4511; x_wconf 71' lang='lat' dir='ltr'><strong>gemitibus</strong></span> <span class='ocrx_word' id='word_1_317' title='bbox 1422 4435 1787 4514; x_wconf 46' lang='lat' dir='ltr'><strong>eontinet„</strong></span> <span class='ocrx_word' id='word_1_318' title='bbox 1829 4432 1983 4516; x_wconf 74' lang='lat' dir='ltr'><strong>quis</strong></span> <span class='ocrx_word' id='word_1_319' title='bbox 2022 4430 2194 4493; x_wconf 79' lang='lat' dir='ltr'><strong>euim</strong></span> <span class='ocrx_word' id='word_1_320' title='bbox 2259 4437 2389 4494; x_wconf 76' lang='lat' dir='ltr'><strong>tun</strong></span> <span class='ocrx_word' id='word_1_321' title='bbox 2433 4426 2664 4503; x_wconf 64' lang='lat' dir='ltr'><strong>duum</strong></span> <span class='ocrx_word' id='word_1_322' title='bbox 2723 4444 2843 4491; x_wconf 81' lang='lat' dir='ltr'><strong>cor</strong></span> 
     </span>
    </p>
   </div>
  </div>
 </body>
</html>
