3242 5259
1494 306 1619 371 159

379 490 554 554 enim
598 506 640 552 a
683 487 985 551 fluetibus
1025 487 1093 549 in
1122 486 1322 551 altum
1361 504 1557 571 supra
1584 488 1863 573 galeam,
1887 498 1951 553 et
1976 508 2232 553 rursum
2267 494 2745 576 remergebatur

377 596 446 659 in
512 591 900 678 proflindum
975 592 1068 654 ita
1133 592 1307 675 quod
1374 593 1457 657 de
1530 594 1676 671 (61
1724 593 1833 677 A)
1911 593 2105 678 galea
2173 614 2303 659 non
2373 608 2743 681 poteramus

377 718 525 763 eam
580 697 829 781 videre,
881 695 1332 779 objicientibus
1372 699 1811 763 sefluetibus.
1895 698 1972 762 Si
2012 703 2161 784 quis
2203 719 2361 785 ergo
2398 703 2529 766 illis
2571 704 2742 771 tem‘-

373 794 649 889 poribus
692 802 779 866 de
816 800 1011 884 galea
1053 803 1122 865 in
1163 802 1425 867 barcam
1466 803 1610 867 vult
1652 803 2072 888 descendere,
2131 805 2240 869 vel
2308 805 2392 870 de
2433 810 2630 875 barca
2669 815 2739 877 in

374 898 1053 993 galeam‘aseendere,
1101 912 1352 989 oportet
1393 927 1543 972 eum
1583 926 1785 992 supra
1823 909 2068 994 gradus
2109 908 2343 992 galeae
2406 922 2606 998 stare,
2671 925 2738 980 et

378 1002 723 1097 diligentes·
788 1009 1243 1093 considerare,
1308 1014 1569 1094 quando
1634 1015 1834 1078 barea
1885 1017 1981 1079 ita
2047 1034 2250 1098 prope
2306 1016 2559 1098 galeam
2627 1021 2735 1101 sit,

375 1116 552 1203 quod
591 1135 737 1181 eam
778 1116 987 1200 possit
1046 1115 1220 1179 saltu
1278 1118 1638 1201 attingere,
1711 1137 1840 1183 non
1915 1123 2087 1184 enim
2149 1121 2528 1203 permittunt
2593 1106 2735 1186 eam

376 1223 676 1307 proprius
741 1222 1076 1306 accedere,
1121 1230 1186 1285 et
1230 1221 1380 1285 dum
1420 1225 1516 1286 ita
1554 1242 1758 1308 prope
1798 1224 2156 1309 advenerit,
2199 1226 2419 1290 statim
2486 1235 2737 1310 oportet

378 1329 672 1410 insilire,
727 1330 884 1411 quia
939 1329 1009 1390 iu
1073 1337 1432 1409 memento,
1506 1330 1634 1391 nisi
1687 1329 2063 1414 saltaverit,
2122 1333 2353 1395 iterum
2396 1331 2655 1413 longius
2694 1352 2737 1395 a

372 1433 567 1518 galea
606 1435 852 1517 rapitur
871 1432 1195 1516 fluetibus,
1240 1442 1307 1495 et
1347 1432 1499 1496 dum
1543 1435 1610 1496 in
1634 1435 1895 1498 barcam
1937 1435 2301 1520 saltaverit,
2359 1454 2486 1499 non
2517 1446 2735 1521 potest

374 1557 455 1603 se
495 1540 689 1602 in=ea
728 1538 1079 1619 eontinere,
1139 1538 1295 1621 quin
1337 1536 1530 1601 eadat
1559 1584 1581 1623 ,
1622 1539 1733 1601 vel
1788 1540 1857 1602 in
1901 1540 2135 1604 faeiem
2189 1541 2301 1605 vel
2343 1542 2412 1604 in
2468 1540 2733 1607 dorsum

372 1661 621 1727 pronus
692 1642 803 1705 vel
844 1642 1155 1725 supinus,
1206 1661 1398 1726 quem
1442 1644 1874 1708 inexistentes
1915 1644 2164 1708 levant.
2253 1645 2341 1710 Et
2400 1646 2568 1711 illud
2627 1655 2735 1711 est

372 1766 574 1812 unum
639 1748 722 1811 de
770 1745 1121 1829 majoribus
1167 1756 1235 1810 et
1276 1748 1823 1831 frequentioribus
1869 1748 2186 1832 perieulis
2225 1752 2735 1836 peregrinorum

371 1852 543 1938 quod
587 1851 846 1940 quidem
885 1852 955 1915 in
996 1853 1307 1936 principio
1350 1852 1577 1918 durum
1622 1853 1919 1939 videtur,
1962 1854 2082 1918 sed
2153 1867 2499 1940 postquam
2539 1857 2731 1921 homo

367 1959 710 2042 assuescit,
733 1975 929 2041 opere
968 1958 1147 2039 faeit,
1191 1956 1362 2042 quod
1387 1959 1567 2041 prius
1602 1959 1719 2024 vix
1754 1978 1912 2043 prae
1935 1962 2164 2027 timore
2192 1979 2396 2025 ausus
2447 1962 2572 2025 suit
2621 1963 2731 2025 in-

373 2065 649 2148 spieere,
692 2062 805 2126 vel
865 2063 1167 2146 eogitare.
1258 2062 1413 2126 Vidi
1461 2063 1777 2129 foeminas
1837 2069 2181 2131 timorosas
2259 2068 2328 2128 iu
2391 2067 2727 2150 principio,

370 2188 541 2253 quae
582 2172 694 2232 vix
717 2187 894 2232 mare
933 2168 1257 2232 audebant
1282 2170 1629 2254 inspicere,
1668 2172 1760 2232 ita
1780 2189 1905 2233 usu
1947 2172 2368 2254 confortatas,
2391 2166 2563 2255 quod
2587 2170 2724 2253 jam

373 2274 457 2337 de
518 2273 712 2358 galea
769 2275 839 2337 in
904 2274 1138 2337 bareas
1201 2272 1527 2337 audebant
1592 2274 1856 2342 saltare.
1956 2276 2030 2335 In
2088 2276 2407 2359 principio
2463 2273 2724 2358 quidem

369 2379 632 2443 videtur
673 2380 913 2444 homini
928 2423 950 2461 ,
995 2379 1169 2463 quod
1226 2380 1444 2462 potius
1507 2378 1669 2443 velit
1727 2380 1795 2441 in
1858 2377 2052 2461 galea
2105 2378 2379 2444 manens
2429 2380 2725 2443 miserias

364 2486 732 2567 sustinere,
800 2503 999 2569 quam
1062 2502 1180 2568 per
1220 2492 1352 2547 tam
1414 2483 1856 2565 periculosum
1920 2470 2158 2548 saltum
2220 2486 2290 2548 in
2360 2486 2599 2550 bonum
2657 2494 2724 2548 et

369 2590 751 2654 solatiosum
792 2599 1048 2673 portum
1079 2590 1386 2671 transire3
1432 2587 1552 2651 sed
1596 2587 1854 2672 quaudo
1897 2589 2088 2652 homo
2128 2588 2350 2652 multis
2387 2588 2619 2653 diebus
2654 2589 2722 2652 in

367 2697 524 2759 navi
596 2695 1094 2778 tempestatibus
1151 2701 1220 2756 et
1274 2695 1557 2769 miseriis
1619 2703 1722 2757 est
1767 2694 2296 2776 'conquassatus,
2359 2701 2426 2755 et
2505 2692 2723 2756 inedia

367 2808 801 2864 extenuatus:
847 2799 1001 2864 dum
1043 2801 1305 2864 venitur
1342 2800 1426 2864 ad
1447 2800 1731 2883 aliquem
1770 2800 2008 2863 bonum
2048 2806 2326 2880 portum,
2370 2805 2720 2881 antequam

368 2914 676 2988 maneret,
724 2907 1010 2990 quinque
1071 2906 1283 2969 saltus
1344 2904 1746 2987 periculosos
1810 2903 2077 2969 subiret.
2172 2900 2420 2965 Eadem
2501 2911 2717 2966 autem

368 3010 717 3075 diffieultas
763 3019 887 3094 est,
931 3010 1083 3075 dum
1128 3012 1327 3075 barca
1363 3008 1446 3074 ad
1489 3010 1648 3073 litus
1686 3009 1961 3073 venerit.
2042 3007 2217 3072 Nam
2282 3008 2341 3071 si
2409 3006 2563 3072 litus
2615 3015 2721 3070 est

364 3117 785 3201 scopulosum
825 3125 892 3179 et
932 3134 1263 3201 saxosum,
1308 3135 1437 3180 non
1466 3114 1707 3178 audent
1734 3112 2165 3198 quovismodo
2195 3114 2357 3176 mari
2405 3112 2719 3176 fremente

369 3243 570 3307 prope
626 3223 782 3287 litus
839 3221 1191 3299 aceedore,
1235 3239 1439 3286 eausa
1500 3219 1875 3305 praedicta:
1961 3218 2110 3282 ideo
2161 3219 2394 3283 iterum
2464 3227 2719 3302 oportet

365 3328 629 3412 saltare,
671 3328 782 3392 vel
823 3344 1024 3411 super
1061 3327 1367 3410 scopulos
1408 3325 1518 3389 vel
1560 3327 1634 3389 iu
1673 3343 1893 3390 mare:
1957 3333 2025 3387 et
2089 3342 2238 3387 cum
2296 3325 2423 3388 hoe
2463 3332 2718 3407 oportet

364 3433 535 3495 bene
574 3443 640 3497 et
671 3441 862 3497 eante
903 3433 1258 3496 observare
1280 3449 1616 3495 recessum
1637 3433 1857 3515 maris,
1901 3431 2054 3513 quia
2094 3428 2244 3492 dum
2270 3428 2476 3512 adest,
2521 3431 2715 3493 etiam

363 3537 673 3620 scopulos
716 3537 883 3601 altos
925 3537 1173 3621 operit3
1216 3536 1366 3601 ideo
1435 3543 1590 3600 sunt
1656 3536 2082 3599 communiter
2145 3533 2345 3617 aliqui
2405 3535 2583 3597 servi
2647 3534 2715 3597 in

358 3643 694 3726 portubus,
719 3642 829 3727 qui
851 3642 936 3706 ad
977 3645 1176 3707 maris
1220 3659 1555 3706 reeessum
1596 3648 1863 3703 currunt
1903 3637 1986 3701 ad
2015 3639 2299 3721 barcam,
2323 3647 2391 3701 et
2418 3648 2717 3722 eportant

361 3766 498 3833 eos,
542 3751 653 3834 qui
673 3749 902 3813 volunt
941 3750 1041 3812 eis
1083 3748 1239 3812 dare
1259 3746 1615 3829 denarium,
1661 3753 1730 3807 et
1761 3744 2090 3828 festinant,
2132 3762 2218 3806 ne
2259 3740 2439 3808 mai-e
2481 3763 2715 3808 aecur-

362 3872 516 3917 rens
569 3873 688 3918 eos
740 3854 1054 3919 inveniat.
1160 3852 1349 3915 Haeo
1407 3859 1472 3912 et
1534 3850 1641 3913 his
1705 3849 1948 3913 similia
2019 3847 2221 3912 multa
2283 3848 2463 3913 videt
2534 3868 2732 3921 mare,

365 3963 708 4025 transiens.
816 3959 1015 4024 Nune
1075 3957 1161 4021 ad
1220 3950 1618 4040 propositum
1685 3954 2034 4039 regredIar.
2121 3956 2350 4037 Itaque
2413 3955 2499 4018 ad
2559 3954 2714 4019 litus

359 4067 635 4148 perveni
670 4082 818 4132 oum
861 4062 1247 4150 quibusdam
1298 4062 1664 4146 peregrinis
1705 4068 1774 4123 et
1815 4058 2129 4143 ganimis,
2185 4068 2254 4123 et
2315 4059 2586 4127 feci-us
2644 4060 2712 4123 in

358 4169 546 4233 litore
584 4171 826 4254 ignem,
871 4178 940 4233 et
978 4185 1097 4253 per
1141 4167 1350 4232 eolles
1393 4164 1953 4239 deambulavimus
1971 4210 1995 4252 ,
2054 4175 2121 4229 et
2185 4166 2276 4230 ita
2318 4165 2491 4230 diem
2532 4162 2711 4231 illum

357 4292 568 4360 usque
606 4276 694 4339 ad
735 4292 1054 4359 vesperas
1076 4272 1485 4354 deduximus,
1531 4281 1597 4336 et
1616 4289 1766 4337 sero
1791 4272 1860 4335 iu
1900 4270 2156 4363 galeam
2193 4273 2440 4337 reversi
2480 4286 2711 4335 sumus

358 4378 444 4442 ad
485 4398 755 4446 coenam
798 4380 980 4445 vieto
1023 4377 1313 4463 periculo
1366 4379 1575 4444 saltus
1622 4378 1708 4442 de
1746 4376 1948 4442 baroa
1986 4379 2054 4441 in
2096 4376 2369 4459 galeam.
