3242 5259
1702 362 1828 428 188

582 548 808 614 asinos
854 559 1002 612 cum
1047 509 1348 612 asinariis
1389 541 1789 627 dispsnerot,
1833 551 1900 608 et
1943 542 2159 608 omnia
2196 541 2328 608 alia
2385 560 2505 624 pro
2554 540 2936 610 inductione

583 652 1074 738 peregrinorum
1115 648 1544 730 necessaria,
1600 649 1795 714 citius
1838 667 1968 733 quo
2008 657 2263 732 posset,
2295 646 2656 731 ordinaret,
2701 654 2767 710 et
2802 665 2937 709 ve-

581 758 773 839 niret,
814 773 1060 839 eosque
1102 753 1186 817 de
1215 753 1375 816 mari
1400 751 1677 817 tolleret.
1698 755 1964 819 Interim
1987 760 2227 837 autem,
2265 771 2395 837 quo
2419 752 2582 815 baec
2629 758 2936 834 aguntur,

582 860 907 947 peregrini
949 861 1018 922 in
1059 858 1338 922 navibus
1387 867 1787 943 manserunt,
1832 867 2291 942 exspectantes
2350 874 2571 921 eorum
2631 854 2937 918 eductio-

583 984 753 1030 nem.
835 961 1085 1027 Eodem
1174 960 1306 1045 die,
1362 963 1523 1027 hora
1564 981 1696 1047 qua
1748 963 2003 1026 Missae
2062 962 2377 1027 celebrari
2431 968 2939 1042 consueverunt,

586 1069 958 1134 convocavi
1008 1085 1236 1132 omnes
1277 1069 1658 1151 peregrinos
1701 1069 2113 1134 theutonicos
2150 1077 2217 1132 et
2265 1068 2363 1131 eis
2401 1084 2766 1132 sermonem
2804 1064 2945 1129 feci

586 1174 673 1240 de
707 1173 1234 1258 peregrinatione
1278 1173 1696 1236 beatissimae
1743 1174 1997 1238 Mariae
2036 1173 2369 1257 Virginis,
2426 1190 2620 1256 quam
2681 1169 2944 1253 peregit

583 1279 657 1346 in
695 1277 1069 1342 visitatione
1094 1285 1161 1340 et
1186 1277 1467 1340 transitu
1504 1296 1623 1360 per
1667 1287 1974 1343 montana
2013 1278 2233 1361 Iudae,
2275 1288 2341 1341 et
2365 1277 2627 1359 regulas
2669 1283 2944 1340 nostrae

587 1382 1134 1469 peregrinationis
1201 1399 1286 1446 ex
1330 1381 1475 1464 eJus
1524 1381 1953 1448 devotissima
2000 1383 2521 1467 peregrinatione
2574 1380 2812 1464 collegi
2868 1388 2946 1443 et

585 1488 911 1573 proposui,
938 1495 1005 1550 et
1036 1486 1387 1571 praeconia
1426 1504 1506 1549 ac
1540 1487 1768 1551 laudes
1790 1498 2059 1556 nostrae
2083 1488 2624 1572 peregrinationis
2658 1483 2943 1568 exposui

593 1603 682 1659 et·
704 1593 1287 1677 peregrinationem
1329 1592 1502 1655 banc
1542 1593 2139 1677 lerosolymitanam
2182 1593 2402 1659 extuli.
2500 1591 2639 1657 Sed
2696 1589 2944 1656 montis

586 1695 798 1781 Synai
835 1696 1276 1760 visitationem
1299 1714 1500 1779 super
1540 1700 1757 1761 omnia
1795 1698 2080 1783 laudavi,
2106 1698 2340 1763 volens
2369 1715 2632 1763 movere
2659 1696 2942 1777 aliquos,

586 1819 678 1866 ne
736 1801 931 1864 animis
987 1798 1398 1883 trepidarent.
1441 1802 1639 1865 Eram
1681 1803 1852 1867 enim
1891 1823 2016 1887 ego
2056 1804 2429 1870 intentionis
2462 1799 2943 1887 peregrinatio-

587 1907 697 1970 nis
738 1903 967 1987 Synai,
1011 1903 1133 1968 sed
1174 1903 1333 1969 nulli
1374 1906 1500 1969 boc
1540 1908 1975 1994 manifestavi,
2019 1928 2144 1974 nec
2199 1910 2434 1993 aliquis
2494 1907 2652 1971 mibi
2690 1904 2773 1969 de
2834 1920 2940 1984 se,

590 2018 659 2074 et
696 2009 846 2074 ideo
884 2008 1305 2073 vehementer
1346 2010 1547 2098 timui,
1589 2030 1676 2074 ne
1710 2012 1877 2078 forte
1919 2015 2066 2098 (Β)
2120 2016 2187 2080 ἰιι
2223 2023 2402 2079 tanto
2452 2010 2941 2097 peregrinorum

587 2115 851 2199 agmine
899 2113 1118 2178 nullus
1172 2123 1354 2177 esset
1415 2114 1498 2178 ad
1557 2127 1839 2182 montem
1902 2119 2111 2205 Synai
2178 2121 2423 2202 iturus,
2478 2119 2650 2182 sicut
2724 2123 2791 2178 et
2863 2115 2939 2176 in

589 2220 786 2305 priori
840 2218 1362 2303 peregrinatione
1402 2222 1700 2314 contigit.
1789 2223 1867 2289 Si
1909 2244 2065 2311 ergo
2103 2224 2290 2289 finita
2345 2224 2472 2289 fuit
2511 2222 2656 2287 dies
2694 2219 2808 2285 illa
2867 2225 2941 2281 et

590 2326 823 2390 iterum
863 2331 1119 2387 noctem
1160 2325 1230 2386 in
1260 2323 1454 2407 galea
1491 2329 1770 2412 egimus.

761 2428 982 2493 'l'ertia
1050 2427 1157 2491 die
1213 2432 1501 2512 cogitavi
1565 2440 1823 2518 tempus
1885 2435 2155 2520 adesse,
2227 2453 2356 2521 quo
2414 2430 2713 2498 Dominis
2773 2426 2938 2489 meis

593 2533 1014 2602 intentionem
1067 2551 1275 2597 meam
1311 2533 1395 2597 de
1411 2539 1934 2621 peregrinatione
1956 2542 2190 2606 montis
2205 2540 2413 2626 Synai
2435 2537 2934 2604 manifestarem.

602 2640 692 2704 Et
751 2638 931 2704 solos
990 2648 1267 2723 quatuor
1303 2642 1630 2710 Dominos
1681 2648 2042 2712 convocavi
2102 2647 2171 2712 in
2250 2654 2501 2729 partem
2571 2638 2938 2726 segregatis

600 2745 897 2810 omnibus
939 2745 1156 2809 servis
1218 2753 1287 2808 et
1327 2746 1734 2814 lachrimosis
1774 2752 1981 2817 oculis
2024 2770 2105 2816 ac
2140 2761 2389 2816 moesto
2429 2748 2626 2813 corde
2666 2755 2734 2810 et
2770 2743 2941 2808 facie

602 2847 771 2917 dixi:
833 2867 991 2914 ecce
1031 2852 1339 2933 generosi
1378 2852 1644 2920 Domini
1684 2857 1833 2939 mei,
1877 2869 1947 2920 et
1984 2856 2348 2926 charissimi
2402 2855 2538 2937 filii,
2582 2852 2819 2915 fratres
2871 2855 2942 2909 et

599 2956 801 3039 socii,
859 2955 943 3018 de
982 2957 1199 3037 gratia
1246 2966 1474 3020 vestra
1521 2976 1733 3043 usque
1773 2964 1902 3026 huc
1952 2963 2303 3045 perductus
2365 2980 2513 3024 sum
2538 3002 2558 3040 ,
2595 2955 2836 3035 fateor,
2871 2960 2942 3014 et

596 3079 720 3143 per
761 3077 882 3124 vos
921 3058 1248 3126 licentiam
1290 3065 1360 3122 et
1399 3080 1727 3152 expensas
1764 3085 1881 3148 pro
1918 3067 2049 3132 isto
2090 3077 2379 3149 tempore
2417 3063 2631 3145 habui,
2657 3078 2774 3144 pro
2809 3077 2940 3142 quo

601 3163 914 3227 beneflcio
959 3163 1259 3243 ingentes
1303 3153 1526 3244 grates
1567 3168 1800 3234 refero.
1886 3169 2025 3234 Sed
2074 3190 2274 3235 unum
2339 3180 2462 3256 est,
2516 3166 2690 3254 quod
2729 3164 2939 3249 pluri-

603 3285 776 3330 mum
819 3284 924 3329 me
945 3267 1328 3342 ,conturbat-
1350 3276 1417 3331 et
1452 3269 1801 3336 sollicitum
1840 3291 1923 3337 ac
1962 3276 2227 3340 anxium
2269 3276 2496 3341 reddit.
2582 3269 2940 3356 Sperabam

600 3372 673 3435 in
713 3387 990 3454 egressu
1030 3377 1252 3434 nostro
1295 3369 1382 3433 de
1421 3375 1610 3438 terris
1653 3384 1720 3440 et
1757 3375 1920 3443 locis
1960 3381 2225 3465 nostris,
2245 3382 2307 3445 si
2346 3379 2529 3444 Deus
2570 3397 2693 3442 nos
2710 3391 2938 3441 omnes

602 3491 804 3540 sanos
845 3490 1056 3559 usqne
1094 3474 1223 3538 buc
1267 3472 1677 3563 perduceret,
1714 3482 1889 3565 quod
1930 3482 2015 3550 ad
2061 3486 2275 3551 minus
2333 3485 2571 3571 aliquis
2622 3490 2936 3561 vestrum,

602 3580 732 3644 etsi
779 3597 910 3644 non
956 3598 1184 3646 omnes
1252 3580 1480 3665 simul,
1509 3592 1662 3667 post
1702 3595 1915 3652 terrae
1987 3599 2257 3658 sanctae
2325 3589 2767 3654 lustrationem
2829 3583 2941 3648 ul-

603 3685 805 3750 terius
853 3687 1384 3768 peregrinaturus
1457 3699 1671 3774 esset,
1727 3691 1812 3756 ad
1862 3705 2163 3761 sanctum
2216 3705 2502 3761 montem
2552 3690 2762 3778 Synai
2779 3736 2801 3775 ,
2855 3686 2941 3753 ad

600 3786 910 3854 Sanctam
951 3788 1408 3875 Kathatinam,
1470 3811 1620 3860 cum
1672 3816 1802 3882 quo
1865 3809 1934 3866 et
1994 3802 2148 3867 mibi
2211 3804 2613 3885 oportunitas
2681 3800 2942 3865 daretur

601 3893 906 3959 veniendi
938 3894 1025 3958 ad
1065 3895 1296 3961 eadem
1321 3895 1468 3961 loca
1504 3903 1961 3989 sanctissima3
2003 3907 2122 3970 sed
2139 3907 2311 3972 heu!
2342 3925 2464 3991 spe
2485 3922 2629 3968 mea
2662 3904 2942 3967 frustra-

602 4007 710 4064 tus
764 4016 945 4082 sum,
988 4009 1298 4083 quantum
1367 4000 1451 4066 ad
1505 4005 1652 4070 hoc.
1736 4009 2010 4092 Insuper
2062 4028 2187 4075 nec
2248 4010 2494 4092 audeo,
2551 4025 2676 4071 nec
2731 4006 2937 4072 debeo

475 4157 482 4164 .
600 4109 823 4188 petere
862 4104 1187 4170 licentiam
1228 4124 1271 4169 a
1319 4108 1509 4172 vobis
1550 4108 1915 4195 recedendi,
1956 4121 2022 4175 et
2063 4132 2187 4178 vos
2228 4111 2747 4197 derelinquendi,
2789 4129 2937 4178 cum

597 4210 670 4276 in
730 4209 1105 4276 reversione
1181 4209 1394 4292 majus
1455 4212 1810 4295 periculum
1863 4215 2055 4280 vobis
2124 4218 2473 4281 immineat.
2594 4214 2671 4280 Si
2721 4225 2942 4282 tamen

600 4313 925 4384 licentiam
973 4313 1131 4380 mibi
1172 4323 1413 4398 sponte
1476 4315 1634 4386 dare
1676 4318 2136 4405 dignaremini,
2197 4340 2316 4407 pro
2374 4341 2641 4388 munere
2694 4324 2942 4408 gratis-

598 4420 772 4484 simo
833 4433 974 4484 eam
1050 4418 1351 4502 accipere
1420 4420 1657 4487 vellem
1726 4442 1769 4487 a
1853 4424 2254 4514 benignitate
2335 4437 2578 4494 vestra.
2728 4427 2938 4510 Qum
