3242 5259
245 489 406 557 ergo
457 441 880 538 transivimus
930 470 998 536 in
1041 471 1326 538 eeclesia
1346 516 1367 556 ,
1437 473 1895 542 descendimus
1933 477 2016 541 ab
2084 477 2335 544 oriente
2375 483 2603 544 contra

251 577 694 661 occidentem,
737 586 805 640 et
845 576 915 639 in
975 577 1108 640 fine
1151 578 1473 646 ccclesiae
1516 599 1634 665 per
1677 582 1914 646 ostium
1982 584 2307 647 exivimus
2376 591 2605 648 contra

251 693 566 768 austrum,
608 691 859 770 partem
899 701 1095 746 unam
1138 684 1420 748 ambitus
1460 683 2007 773 perambulantes,
2052 697 2119 751 et
2160 689 2392 752 iterum
2438 707 2600 752 eon-

249 790 569 854 vertimus
632 805 758 852 nos
799 798 1026 852 contra
1086 788 1451 874 aquilonem
1516 799 1585 853 et
1648 789 1730 854 ad
1775 801 1970 875 eaput
2045 792 2226 855 cheri
2270 793 2597 874 venimus,

249 895 474 978 ibique
512 913 631 977 per
668 893 915 976 gradus
959 893 1370 958 ascendimus
1411 893 1495 957 ad
1533 881 1863 979 quoddam
1904 895 2367 982 habitaculum,
2410 896 2599 980 eujus

250 1000 489 1063 ostium
543 997 867 1083 lapidibus
927 1000 1364 1082 obstructum,
1408 1006 1683 1083 ’prepter
1737 1019 2005 1065 causam
2077 1001 2421 1068 dicendam
2488 1002 2596 1065 fol.

248 1104 398 1168 290.
468 1104 618 1167 Hoc
657 1104 828 1167 enim
872 1103 1312 1168 habitaculam
1351 1113 1464 1168 est
1499 1104 1585 1168 ad
1630 1114 1825 1189 caput
1876 1106 2078 1189 ebori,
2122 1107 2277 1191 quia
2319 1104 2600 1189 (95⁴1)

251 1210 493 1274 chem
550 1209 635 1272 ab
711 1208 962 1272 oriente
1046 1208 1262 1273 malles
1331 1210 1529 1274 habet
1616 1209 1943 1275 fenestras
2016 1220 2396 1294 praestante
2470 1212 2599 1276 hoc

249 1314 619 1380 &bimulo
669 1312 1163 1397 impedimento:
1223 1314 1346 1379 sed
1402 1316 1616 1380 solum
1660 1315 1877 1379 lumen
1940 1317 2136 1381 habet
2197 1336 2239 1380 a
2302 1317 2590 1384 meridie.

247 1419 692 1485 Ascendimus
733 1436 892 1502 crgo
940 1436 1086 1482 <xm
1127 1421 1550 1504 processione
1588 1421 1959 1504 praedictos
2015 1419 2296 1506 gradus,
2334 1430 2401 1482 et
2443 1430 2596 1484 ante

249 1523 651 1587 obstructum
685 1524 920 1586 ostium
951 1525 1256 1606 prostrati
1300 1525 1734 1609 adoravimus,
1778 1535 1843 1589 et
1880 1527 2208 1609 plenarias
2241 1525 2594 1610 indulgen-

247 1626 377 1692 tias
397 1627 594 1691 etiam
613 1627 724 1690 hic
757 1628 1328 1714 accepimns-lui),
1364 1639 1432 1693 et
1467 1631 1777 1715 hymnum
1808 1631 2182 1695 inchoatum
2213 1649 2362 1695 eum
2400 1631 2597 1695 suavi

248 1731 688 1796 modulatione
724 1735 1161 1818 ceneinimus,
1212 1734 1376 1798 adeo
1419 1735 1594 1821 quod
1637 1754 1841 1800 sonus
1895 1736 2119 1819 procui
2176 1754 2295 1819 per
2336 1755 2595 1800 omnem

246 1846 533 1901 montem
574 1836 763 1921 Syon
799 1847 870 1902 et
914 1858 1033 1921 per
1071 1839 1443 1905 Jerusalem
1487 1837 1989 1911 diffundebatur.
2045 1839 2199 1904 Non
2243 1841 2411 1903 enim
2454 1849 2598 1904 erat

246 1941 434 2008 locus
469 1941 772 2024 clausu,
814 1944 935 2007 sed
976 1945 1099 2008 sub
1144 1945 1300 2010 dive
1352 1948 1421 2009 in
1463 1946 1596 2010 alto
1641 1948 2083 2010 consistentes
2122 1944 2596 2028 jocundissime

245 2048 695 2112 mutavimus:
762 2049 1083 2114 recordati
1127 2050 1303 2133 quod
1356 2051 1425 2115 in
1468 2050 1597 2116 hoc
1635 2052 1784 2116 ioco
1826 2052 1992 2114 coeli
2039 2050 2514 2132 distillaverunt
2553 2069 2597 2112 a

247 2152 423 2217 faeie
479 2152 607 2217 Dei
670 2151 913 2237 synai,
970 2172 1015 2216 a
1088 2155 1256 2219 facie
1315 2156 1442 2219 Dei
1507 2156 1748 2238 lsrael,
1813 2161 1881 2217 et.
1941 2156 2166 2240 pluvia
2229 2155 2596 2219 voluntaria

245 2266 602 2341 segregate
633 2264 742 2321 est
783 2258 1168 2323 haereditati
1212 2259 1475 2325 Christi.
1520 2263 1651 2323 Hic
1692 2278 1972 2344 namque
1992 2259 2278 2342 Spiritus
2318 2268 2629 2324 sanctus·

244 2364 586 2446 repentino
627 2362 846 2426 sonitu
903 2381 1102 2447 super
1160 2361 1516 2448 discipulos
1559 2365 1745 2429 venit
1796 2372 2186 2450 mentesque
2238 2364 2592 2428 carnalium

239 2471 313 2536 in
353 2470 460 2532 sui
500 2487 782 2533 amorem
848 2469 1244 2551 permutavit
1286 2476 1354 2549 et.
1396 2468 1557 2534 foris
1601 2469 2060 2552 apparentibus
2126 2468 2322 2552 lignis
2376 2468 2593 2552 igneis

240 2575 422 2638 intus
465 2574 640 2638 facts
679 2581 836 2637 sunt
878 2574 1077 2638 corda
1127 2574 1556 2656 flammantia,
1610 2575 1766 2658 quia
1830 2572 1982 2637 dum
2041 2575 2256 2637 Deum
2310 2575 2376 2638 in
2418 2575 2593 2657 ignis

244 2679 506 2742 visione
544 2680 925 2762 suscipiant,
986 2697 1106 2762 per
1165 2696 1447 2743 amorem
1507 2681 1807 2743 suaviter
1860 2688 2179 2742 arserunt.
2285 2677 2590 2741 Christus

247 2784 424 2847 enim
492 2783 802 2847 coelestia
853 2792 1087 2867 petens
1159 2784 1493 2868 praecepit
1556 2782 1915 2867 discipulis,
1977 2801 2019 2845 a
2072 2780 2442 2846 Jerusalem
2508 2801 2591 2844 ne

245 2887 680 2972 discederent,
722 2888 844 2952 sed
885 2888 1101 2953 Patris
1132 2888 1626 2974 promissionem
1658 2895 2133 2970 exspectarent.
2181 2890 2268 2950 Et
2310 2888 2591 2971 ingressi

243 2992 377 3057 huc
415 2994 484 3057 in
523 2994 651 3072 hoc
687 2994 1055 3059 habitaculo
1098 2994 1306 3058 clausi
1351 2992 1699 3055 manebsnt
1756 3001 2019 3076 propter
2060 3001 2298 3056 motum
2338 2993 2592 3056 Judae-

241 3115 466 3183 ernm,
506 3107 574 3162 et
610 3108 794 3162 erant
829 3100 936 3164 hie
974 3100 1255 3166 desolati
1298 3106 1363 3162 et
1405 3097 1709 3181 orphani,
1752 3097 1962 3181 ignari
2005 3105 2073 3160 et
2114 3097 2303 3164 inscii
2326 3144 2345 3180 ,
2392 3099 2590 3161 timo-

245 3202 381 3267 rosi
420 3211 492 3267 et
533 3203 785 3286 trepidi.
843 3205 981 3268 Sed
1023 3203 1309 3288 Spiritus
1352 3210 1632 3267 sanctus
1673 3202 2036 3266 adveniens
2079 3202 2588 3267 consolationem

243 3306 684 3374 dulcissimam
756 3308 1003 3392 attulit,
1073 3311 1463 3394 sapientiam
1549 3308 1980 3372 clarissimam
2055 3307 2323 3391 infudit,
2400 3309 2593 3372 robur

243 3413 667 3478 fortissimum
714 3411 920 3496 dedit,
964 3422 1031 3476 et
1067 3422 1446 3480 constantes
1486 3423 1553 3476 et
1596 3413 1662 3476 in
1688 3413 1902 3495 gratia
1939 3412 2306 3476 confirmati
2369 3413 2589 3484 mundi

239 3518 674 3600 prineipatum
742 3527 1153 3602 acceperunt.
1239 3520 1435 3581 Hunc
1498 3520 1715 3584 locum
1774 3525 2073 3579 sanctum
2130 3517 2368 3581 elarius
2431 3517 2591 3582 des-

238 3622 512 3706 eribant,
548 3638 698 3684 cum
744 3621 829 3686 de
867 3622 1215 3708 sepulchro
1254 3621 1475 3687 David
1517 3623 1777 3686 venerit
1820 3619 2192 3688 dicendum,

358 3890 648 3984 Locus,
700 3890 820 3968 ubi
869 3889 953 3970 8.
1007 3891 1336 3971 Thomas
1379 3892 1794 3996 Apostolus
1839 3892 2102 3970 dubius
2154 3891 2447 3970 Domini

1093 4014 1398 4091 vulnera
1448 4012 1714 4114 tetigit.

401 4241 656 4312 Dein'de
729 4250 939 4314 locum
1003 4250 1183 4314 illum
1264 4249 1674 4314 deseruimus
1735 4259 1803 4312 et
1860 4269 1979 4333 per
2059 4248 2307 4334 gradus
2381 4262 2586 4331 prope

233 4349 444 4415 locum
500 4352 961 4418 descendimus
1003 4355 1072 4418 in
1129 4355 1433 4418 ambitum
1445 4399 1467 4438 ,
1537 4362 1606 4418 et
1652 4354 1719 4421 in
1784 4354 2102 4460 capellam
2171 4354 2243 4424 S.
2295 4353 2585 4415 'rhomae
