3242 5259
1714 357 1842 425 838

617 545 842 610 divitis
885 542 1204 626 epulonis,
1245 545 1475 607 sive·a
1514 541 1693 605 bivio
1735 539 2029 624 praefato
2115 559 2412 625 sursum3
2478 556 2605 603 nec
2646 548 2748 603 est
2790 542 2959 602 ima-

615 647 988 734 ginandum,
1033 646 1203 732 quod
1241 662 1427 739 ruo-us
1466 644 1814 710 calvariae
1855 645 1943 709 sit
1989 646 2165 725 altus
2205 646 2421 745 locus,
2466 644 2960 729 supereminens

620 755 785 819 alios
826 755 892 816 in
940 752 1232 835 circuitu,
1275 753 1428 835 quia
1465 758 1601 816 tam
1645 749 1728 815 ad
1785 751 2183 815 occidentem
2235 756 2426 834 quam
2492 750 2576 813 ad
2633 747 2964 813 meridiem

616 867 771 922 sunt
812 858 1040 925 altiora
1081 857 1242 941 loca,
1285 874 1476 940 quam
1518 857 1664 941 ipse
1702 858 1813 919 sit.
1922 856 2056 920 Sed
2119 856 2352 920 dicitur
2409 872 2597 939 mons
2658 862 2963 937 respectu

615 964 904 1031 locorum
945 961 1219 1043 illorum,
1265 978 1305 1023 a
1346 962 1583 1044 quibus
1626 969 1731 1025 eet
1758 978 2084 1025 ascensus
2105 959 2186 1023 ad
2232 962 2399 1043 euru,
2432 967 2507 1023 ut
2544 958 2791 1023 dictum
2834 965 2962 1023 est.

619 1070 708 1131 Et
749 1064 995 1130 tamum
1040 1062 1122 1129 de
1159 1065 1290 1128 illo.
1378 1064 1573 1128 Plura
1615 1065 1767 1129 vide
1810 1063 1893 1128 de
1938 1065 2064 1129 hec
2107 1074 2329 1129 moute
2382 1058 2684 1129 r01.115
2740 1071 2807 1126 et
2845 1079 2965 1125 se-

619 1175 866 1259 quenti,
911 1180 975 1234 et
1020 1170 1128 1233 fol.
1173 1166 1318 1233 255.
2012 1206 2021 1213 ·
2180 1198 2189 1205 -

614 1418 1039 1520 Descriptio
1090 1416 1458 1493 ecclesiae
1499 1417 1739 1494 sancti
1788 1417 2155 1520 sepulchri
2231 1430 2309 1496 et
2348 1423 2515 1519 ejus
2551 1415 2961 1519 dispositio.

781 1599 1152 1671 Ecclesiam
1189 1596 1333 1663 sive
1377 1598 1686 1682 templum
1730 1601 1938 1663 sancti
1977 1600 2303 1691 sepulchri
2322 1568 2731 1707 descripturi
2770 1599 2967 1662 vide-

614 1707 829 1771 bimus
870 1712 1165 1786 quatuor
1251 1704 1300 1766 1.
1349 1702 1514 1781 Quis
1553 1722 1703 1766 eam
1746 1696 2170 1768 fundaverit?
2234 1698 2331 1766 ΠΣ
2365 1696 2666 1801 Quantae
2712 1701 2965 1786 gloriae

616 1819 681 1873 et
721 1809 984 1891 honoris
1028 1806 1177 1870 olim
1225 1810 1461 1881 fuerit.
1434 1807 1469 1857 ‘²
1511 1809 1629 1878 ΙΙΙ.
1665 1805 1894 1885 Qualis
1919 1827 2092 1872 nuuc
2118 1792 2271 1871 sit?
2310 1786 2427 1870 IV.
2475 1790 2601 1885 Qu}
2640 1810 2775 1870 sint
2812 1827 2966 1871 eam

613 1912 1051 1977 inofficiantes
1087 1917 1153 1972 et
1196 1907 1600 1975 differentiae
1619 1931 1892 2031 eorum,
1938 1913 2050 1997 qui
2094 1917 2171 1975 iu
2207 1932 2287 1979 ea
2331 1911 2661 1976 Christum
2718 1911 2961 1976 colunt.

615 2021 704 2081 Et
745 2036 831 2082 ex
872 2014 977 2081 his
1020 2023 1301 2103 quatuor
1356 1996 1699 2081 resultabit
1740 2015 1884 2099 ejus
1926 2010 2219 2102 plenari'a
2274 2015 2668 2101 descriptio,
2724 2024 2791 2079 et
2843 2035 2967 2101 per

614 2139 1028 2209 consequens
1068 2119 1215 2203 ejus
1256 2118 1558 2205 cognitio.

620 2368 799 2469 (Β)
826 2368 1010 2462 Quis
1074 2364 1415 2444 fundator
1471 2367 1694 2444 suerit
1733 2366 2100 2445 ecclesiae
2149 2365 2386 2444 sancti
2427 2367 2824 2485 sepulchri,
2878 2378 2965 2445 et
3000 2398 3007 2405 ·

1017 2466 1305 2568 quoties
1356 2463 1734 2543 destructa
1782 2476 1862 2544 et
1908 2476 2247 2571 reparata
2295 2467 2535 2544 suerit.

777 2646 1119 2733 Templum
1164 2649 1494 2714 dominici·
1510 2649 1839 2733 sepulchri
1901 2652 2052 2735 quis
2106 2649 2549 2713 aedificaverit
2592 2650 2965 2733 ambiguum

611 2756 716 2819 'est
778 2762 1045 2841 propter
1085 2756 1443 2821 varietates
1488 2753 1572 2817 de
1609 2757 1739 2821 hoo
1781 2753 2196 2839 loquentium.
2301 2755 2527 2840 Aliqui
2590 2756 2957 2839 opinantur,

539 2912 548 2921 .
612 2860 786 2944 qued
829 2860 943 2927 illa
983 2859 1269 2924 ecclesia
1304 2858 1500 2923 fuerit
1544 2862 1855 2946 templum
1899 2860 2202 2943 Veneris,
2247 2859 2421 2944 quod
2464 2861 2697 2923 Helius
2718 2858 2965 2923 Adria-

612 2984 738 3028 nus
779 2966 1127 3047 imperator
1167 2982 1367 3047 super
1407 2963 1620 3027 locum
1665 2965 2109 3029 crucifixionis
2174 2974 2238 3027 et
2304 2966 2794 3028 resurrectionis
2838 2983 2965 3028 ex-

607 3077 956 3152 struxerat,
985 3077 1051 3132 et
1093 3054 1339 3132 Sancta
1360 3069 1618 3132 Helena
1638 3070 2116 3153 superveniens
2135 3067 2309 3133 idola
2350 3071 2563 3154 ejecit,
2609 3077 2677 3133 et
2697 3070 2961 3133 domum

618 3170 883 3236 Christo
929 3173 1273 3237 dedicavit.

776 3274 1002 3359 Aliqui
1044 3275 1285 3361 dicunt,
1330 3276 1504 3362 quod
1544 3277 1856 3361 templum
1878 3279 2239 3361 praefatum
2264 3280 2560 3344 funditus
2610 3278 2862 3362 evertit,
2892 3288 2961 3341 et

615 3379 964 3447 ecclesiam
1013 3380 1192 3445 illam
1261 3383 1488 3445 erexit.
1613 3383 1927 3467 Legimus
1993 3387 2191 3447 etiam
2254 3386 2323 3448 in
2388 3383 2568 3449 libris
2638 3376 2957 3448 bellorum

619 3472 1136 3553 Christianorum
1155 3496 1226 3551 et
1248 3486 1775 3572 Sarraceuorum,
1807 3487 1980 3572 quod
2021 3488 2330 3572 templum
2376 3490 2586 3553 sancti
2628 3487 2960 3571 sepulchri

607 3608 809 3675 saepe
866 3610 984 3675 per
1043 3592 1343 3659 infideles
1401 3592 1520 3656 fuit
1576 3610 1878 3659 eversum
1898 3636 1923 3678 ,
1983 3604 2049 3658 et
2108 3614 2226 3677 per
2284 3594 2515 3658 fideles
2572 3603 2951 3657 reerectum.

612 3695 906 3761 Cosdroii
947 3698 1072 3763 heo
1113 3698 1424 3782 templum
1465 3699 1828 3763 ubuabamr
1888 3707 2206 3782 evertere,
2251 3699 2371 3763 sed
2422 3700 2682 3763 territus
2736 3698 2958 3762 diviua

605 3802 852 3866 virtute
889 3802 1061 3888 fagit
1101 3808 1180 3867 ab
1227 3823 1324 3867 eo.
1423 3804 1596 3867 num
1660 3813 1876 3869 autem
1916 3805 2166 3869 Tartari
2223 3813 2515 3871 sanctam
2584 3812 2825 3867 terram
2888 3810 2959 3866 et

605 3906 975 3970 Jerusalem
1016 3918 1427 3991 occuparent,
1471 3918 1666 3992 capta
1706 3910 1973 3973 civitate
2021 3908 2329 3993 templum
2373 3913 2585 3973 sancti
2629 3906 2957 3992 sepulchri

609 4011 912 4077 dienutur
951 4006 1299 4087 evertisse,
1379 4011 1526 4079 Sed
1561 4030 1691 4077 ιισιι
1724 3998 1929 4089 multe
1967 4018 2119 4095 post
2189 4014 2537 4096 imperator
2586 4014 2959 4077 coustanti-

608 4118 1019 4200 nepolitanus
1086 4118 1290 4185 venit·
1322 4118 1390 4180 in
1434 4116 1838 4200 Jerusalem,
1888 4127 1956 4181 et
2013 4118 2325 4202 templum
2378 4118 2823 4184 reaedificavit
2875 4132 2957 4183 eo

614 4222 824 4307 modo,
869 4240 1018 4308 quo
1028 4222 1209 4305 prius
1247 4218 1475 4319 fuerat.
1523 4224 1683 4305 Post
1723 4224 1850 4291 hoe
1892 4222 2242 4289 Sarraceni
2288 4224 2581 4288 furentes
2640 4225 2710 4287 iu
2754 4221 2955 4286 Chri-

607 4331 860 4392 stianos
901 4306 1215 4405 ultionem
1257 4329 1334 4391 ιιι
1375 4310 1616 4415 tem'plo
1659 4335 2072 4413 sumserunt,
2116 4337 2184 4392 et
2227 4331 2537 4414 templum
2582 4333 2959 4393 everterunt

608 4432 922 4499 flmditus.
981 4431 1140 4498 Sed·
1168 4430 1428 4519 quidam
1464 4432 1818 4517 imperator
1848 4435 2592 4519 constantinopolitanus
2654 4432 2951 4498 reerexit.
