3242 5259
388 514 556 580 Illud
613 533 774 580 vero
839 532 927 577 ex
1003 513 1297 596 pluribus
1384 511 1585 595 petris
1675 523 1780 578 est
1864 518 2289 607 compositum
2312 566 2334 605 ‚
2395 533 2731 589 memento

389 618 887 702 conglutinatis,
929 631 1063 679 non
1106 615 1373 680 multum
1420 615 1875 704 artificialiter,
1923 637 2053 684 nee
2089 630 2196 711 est
2234 623 2325 690 ihi
2368 626 2607 711 aliquid
2648 628 2739 694 de

388 741 547 791 vero
590 721 966 806 sepulchro,
1008 719 1135 783 nisi
1176 723 1243 786 in
1281 727 1472 804 parte
1507 721 1775 784 sinistra
1815 724 2053 797 emet
2108 721 2190 787 de
2231 747 2411 796 muro
2455 731 2730 796 domun..

389 826 517 889 culi
558 840 728 888 unus
780 823 949 907 lapis
988 840 1305 908 grossus,
1364 832 1436 886 ut
1477 834 1689 907 caput
1712 825 2055 910 hominis,
2092 837 2159 892 et
2196 828 2417 919 albus,
2479 843 2729 919 septem

389 929 650 1012 palmis
662 947 703 990 a
747 937 916 991 terra
980 923 1312 1010 elevatus,
1357 933 1427 989 et
1487 926 1662 992 hunc
1719 932 2047 1015 peregrini
2109 932 2571 1007 deomulantur
2611 958 2730 1022 pro

390 1033 681 1115 reliquiis
725 1033 868 1099 veri
912 1029 1241 1113 sepulchri
1283 1027 1552 1095 Christi.
1641 1032 1830 1095 Haec
1871 1035 2000 1099 ille.

559 1135 702 1219 (B)
744 1135 1123 1200 Novissime
1164 1135 1489 1218 peregrini
1528 1135 1816 1217 ingressi
1876 1139 2202 1207 contraria
2240 1143 2310 1204 in
2355 1146 2500 1210 suis
2539 1146 2729 1220 libet,-

386 1240 538 1305 lulis
582 1241 901 1323 referunt,
945 1247 1012 1301 et
1052 1239 1324 1324 quilibet
1356 1239 1518 1322 hoc,
1561 1238 1735 1322 quod
1774 1239 1902 1304 sibi
1944 1241 2244 1327 videtur,
2309 1255 2581 1311 conatus
2624 1255 2759 1312 est.

389 1348 486 1409 ita
543 1345 832 1428 tradere,
898 1345 1050 1428 quia
1099 1363 1232 1411 non
1284 1344 1372 1407 sit
1444 1343 1547 1407 fas
1617 1343 1812 1409 alicui
1872 1330 2338 1414 contradicere.
2449 1348 2729 1429 Quidam

389 1450 645 1536 dicunt,
708 1449 884 1536 quod
961 1449 1083 1512 suh
1157 1453 1261 1513 tab
1272 1446 1545 1511 ulaturis
1606 1453 1984 1515 marmoreis
2039 1453 2127 1517 sit
2196 1454 2411 1518 adhuc
2473 1456 2729 1539 integra

388 1557 785 1644 monumenti
820 1563 888 1617 ct
920 1553 1136 1617 sancti
1174 1552 1506 1636 sepulchri
1540 1560 1747 1636 petra,
1777 1558 2368 1638 quamvis-minime
2404 1556 2724 1625 videatur:

384 1661 516 1724 Alii
560 1660 817 1743 dicunt,
885 1657 1058 1743 quod
1115 1676 1305 1721 nemo
1358 1676 1476 1740 pro
1518 1665 1697 1721 certo
1740 1662 1909 1724 sciat
1969 1662 2079 1726 vel
2134 1666 2348 1747 possit
2397 1668 2720 1748 asserere,

387 1767 508 1829 sub
531 1765 917 1829 tabulaturis
944 1782 1095 1826 esse
1126 1771 1375 1846 petram
1402 1780 1624 1825 veram
1645 1761 1757 1826 vel
1797 1783 1945 1828 non.
1990 1766 2129 1830 Alii
2169 1740 2519 1833 manifeste
2533 1787 2726 1839 asse-

389 1880 553 1954 runt,
578 1870 753 1956 quod
772 1889 901 1933 non
929 1869 1238 1932 manserit
1258 1867 1347 1932 ibi
1368 1864 1450 1929 de
1465 1875 1654 1951 petra
1674 1871 1918 1933 verain
1941 1874 2302 1955 quantitate
2336 1876 2525 1956 grani
2545 1871 2725 1936 milii.

386 1978 478 2040 Et
513 1975 595 2039 ad
653 1977 779 2040 hoc
838 1958 1129 2058 allegant
1188 1972 1410 2054 plures
1466 1974 1774 2045 rationes.
1834 1976 1904 2057 1)
1946 1976 2263 2043 Malitiam
2307 1995 2725 2062 paganorum,

389 2080 501 2164 qui
544 2090 725 2144 tanto
768 2079 914 2144 odio
976 2081 1045 2144 in
1089 2077 1495 2141 Christianos
1550 2078 2005 2164 inardescunt,
2064 2081 2240 2166 quod
2279 2077 2439 2146 nihil
2480 2100 2726 2165 eorm,

391 2203 559 2268 quae
597 2184 956 2248 Christiani
996 2182 1274 2266 diligunt
1327 2191 1440 2245 aut
1483 2194 1915 2267 venerantur,
1959 2185 2398 2268 incorruptum
2441 2186 2726 2251 derelin-

390 2298 612 2374 quunt.
700 2290 1014 2353 Sciebant
1056 2297 1271 2352 autem
1315 2285 1730 2369 sepulchrum
1792 2288 2039 2352 Christi
2080 2290 2271 2354 nobis
2321 2308 2474 2355 esse
2515 2309 2728 2354 vene-

387 2395 877 2479 rabilissimum,
929 2394 1079 2458 ideo
1121 2392 1351 2474 majori
1416 2392 1635 2455 furore
1674 2393 1741 2454 in
1785 2411 1931 2456 eum
1996 2405 2408 2478 exarserunt,
2455 2402 2522 2458 et
2582 2394 2725 2459 dis-

388 2510 789 2585 cerpserunt.
882 2498 1194 2576 Sciebant
1265 2499 1563 2581 insuper,
1653 2495 1857 2582 quod·
1898 2507 2114 2562 stante
2188 2501 2536 2584 sepulchro
2610 2500 2728 2566 illo

391 2605 747 2672 Christiani
804 2623 1062 2689 semper
1103 2602 1483 2669 anhelarent
1522 2601 1608 2665 ad
1668 2603 2101 2668 rehabendam
2145 2607 2478 2668 civitatem
2522 2604 2725 2670 Jeru-

390 2712 631 2796 salem,
706 2710 826 2775 sed
867 2730 945 2775 eo
993 2710 1290 2796 deposito
1329 2710 1543 2771 minus
1602 2716 1906 2771 curarent
1948 2707 2031 2772 de
2072 2728 2181 2794 ea,
2244 2707 2394 2773 ideo
2435 2710 2598 2773 nihil
2637 2728 2726 2774 ex

391 2835 471 2880 eo
527 2818 616 2880 ibi
677 2816 1091 2901 reliquerunt.
1190 2815 1411 2896 Saepe
1467 2812 1666 2876 etiam
1736 2814 1942 2879 multo
2009 2824 2295 2898 tempore
2355 2814 2619 2878 fuerunt
2678 2833 2723 2879 a

390 2920 784 2986 Christianis
836 2923 1060 2986 vexati
1116 2929 1181 2985 et
1222 2921 1584 3003 impugnati
1627 2927 1695 2982 et
1737 2920 1946 3002 fugati
2001 2921 2137 3003 ipsi
2174 2920 2554 3003 Sarraceni,
2613 2920 2726 3002 qui

391 3027 540 3091 dum
599 3028 793 3092 etiam
862 3029 1142 3093 victoria
1206 3028 1565 3110 potirentur
1579 3068 1600 3107 ,
1673 3031 1740 3086 et
1783 3021 2191 3097 Christianos
2255 3034 2723 3108 expugnarent,

391 3133 662 3216 injurias
711 3142 776 3195 et
819 3135 1206 3197 vexationes
1272 3147 1620 3215 perpessas
1661 3130 1844 3212 prius
1889 3149 1930 3193 a
1975 3129 2365 3196 Christianis
2423 3128 2724 3201 vindice-
2756 3156 2759 3161 ·

386 3246 621 3301 verunt
664 3239 733 3300 in
775 3246 1005 3302 sancto
1063 3235 1440 3320 sepulchro,
1488 3236 1703 3318 ipsum
1756 3234 2202 3321 destruentes,
2268 3246 2333 3300 et
2376 3236 2726 3302 ecclesiam

385 3343 598 3407 sancti
637 3341 964 3426 sepulchri
1019 3341 1441 3407 devastantes
1480 3341 1551 3403 in
1595 3338 2107 3408 Christianorum
2162 3343 2558 3426 despectum.
2642 3342 2723 3418 2)

387 3447 542 3521 Alia
579 3449 740 3511 ratio
777 3450 1180 3531 assignatur,
1232 3464 1435 3531 quare
1474 3444 1636 3508 nihil
1664 3444 1763 3509 -de
1803 3455 2035 3511 sancto
2074 3447 2422 3530 sepulchro
2462 3450 2534 3509 in
2562 3445 2724 3510 ·loco

388 3554 788 3618 remanserit.
835 3551 1003 3616 Cum
1030 3555 1201 3616 enim
1228 3549 1583 3616 Christiani
1631 3549 1856 3615 ult‘una
1894 3551 2044 3615 vice
2077 3552 2236 3613 victi
2274 3569 2314 3614 a
2342 3551 2728 3619 Samounis

390 3666 775 3741 cogerentur
811 3657 1290 3742 Jerosolymam
1329 3655 1584 3721 tradere
1643 3658 1742 3721 eis
1784 3665 1851 3720 et
1917 3658 2268 3738 emigrare,
2306 3656 2475 3718 hanc
2514 3655 2726 3720 tradi-

389 3764 627 3824 tionem
671 3762 784 3825 tali
827 3764 1194 3829 conditione
1236 3772 1305 3827 et
1341 3771 1535 3845 pacto
1583 3764 1891 3840 feceruut,
1935 3776 2003 3824 ut
2051 3764 2228 3824 exim
2260 3760 2724 3824 dimitteremur

388 3867 587 3930 salva
624 3867 763 3932 vita
807 3878 875 3932 et
927 3871 1224 3935 omnihus
1268 3869 1496 3951 rebus,
1555 3888 1723 3948 quae
1767 3868 2083 3948 asportari
2127 3876 2416 3948 possa-ut.
2500 3868 2584 3928 Et
2636 3872 2724 3928 itu

388 3972 739 4041 Sari-sceui
776 3982 1271 4059 consenserunt,
1301 3982 1389 4045 ,ut
1430 3976 1815 4053 emigrarent
1863 3992 1903 4032 a
1943 3972 2340 4052 Jerusalem,
2384 3980 2448 4032 ei
2492 3976 2724 4052 amnis,

391 4097 559 4163 qnae
622 4079 892 4164 vellent,
935 4098 1162 4144 secum
1193 4090 1619 4163 asportarent.
1715 4084 1895 4140 'runc
1939 4080 2308 4160 patriai-clia
2360 4080 2724 4160 hierosoly-

391 4187 674 4248 mitanus
739 4203 888 4250 cum
954 4188 1129 4251 omni
1188 4185 1365 4250 clero
1430 4204 1587 4264 sun,
1679 4200 1739 4248 ct
1787 4204 1895 4248 rex
1959 4184 2324 4248 Jerusalem
2368 4200 2512 4244 cum
2556 4184 2724 4248 oanni

391 4286 624 4351 militia
663 4289 930 4355 civitate
993 4300 1227 4358 sancta
1280 4293 1799 4374 emigraverunt,
1859 4292 1923 4352 itt
1987 4308 2111 4376 qua
2167 4292 2724 4368 transmigratione

388 4391 682 4458 creditur
750 4399 970 4462 omnia
1024 4397 1259 4463 tulisse
1320 4412 1535 4481 usque
1599 4396 1683 4456 nd
1747 4396 2196 4480 fmtdmucnta,
2264 4416 2432 4478 quae
2500 4408 2728 4456 sauma
