3242 5259
1425 352 1542 418 111

310 535 486 600 Sunt
525 536 797 618 insuper
858 530 988 594 alia
1026 533 1231 598 maria
1283 551 1367 596 ex
1409 531 1749 615 Scriptura
1790 532 1980 596 nobis
2036 535 2203 598 satis
2252 544 2441 621 nott,
2492 551 2671 620 qum

310 640 440 706 etsi
477 656 614 701 nen
668 636 1134 720 apparentibus
1178 636 1465 700 brachiis
1507 639 1968 702 continuantur
2016 656 2163 703 cum
2210 641 2424 726 aliquo
2467 657 2663 724 prae-

311 744 626 824 dictorum
687 742 912 824 trium,
981 750 1197 804 tamen
1260 762 1379 825 per
1434 745 1730 827 gurgites
1793 742 2250 809 subterraneos
2312 745 2663 812 andum-

312 835 562 914 ei'sdem
607 846 929 929 copulari:
973 855 1047 909 ut
1088 855 1193 909 est
1232 847 1304 909 in
1339 849 1586 912 oriente
1611 866 1790 912 mare
1838 850 2151 933 caspium,
2184 848 2375 933 quod·
2399 849 2659 932 quidem

311 954 645 1038 singulare
700 961 834 1034 est,
891 969 1015 1014 nec
1074 951 1291 1035 aliquo
1336 962 1724 1037 apparenter
1778 956 2097 1037 sociatur,
2142 952 2364 1017 dicunt
2419 962 2657 1039 tamen,

312 1059 484 1145 quod
526 1057 780 1124 occulte
823 1057 945 1120 sub
989 1066 1163 1122 terra
1200 1058 1271 1120 in
1300 1059 1631 1141 ponticum
1675 1077 1855 1123 mare
1900 1059 2181 1129 labatur.
2226 1059 2433 1121 Mare»
2463 1059 2657 1123 etiam

312 1160 630 1245 Galileae,
672 1171 738 1223 et
786 1179 965 1224 mare
984 1170 1304 1225 mortuum
1348 1162 1648 1226 dicuntur
1688 1163 1947 1227 occulte
1984 1162 2331 1227 decurrere
2365 1163 2431 1226 in
2480 1180 2659 1226 mare

311 1269 606 1351 rubrum,
672 1266 844 1350 quod
888 1266 971 1329 de
1013 1265 1279 1330 Oceano
1321 1267 1611 1352 profluit,
1658 1276 1723 1331 et
1767 1275 1873 1331 est
1914 1268 2139 1351 lingua
2198 1269 2463 1350 oceani,
2526 1273 2658 1350 qut

309 1372 646 1436 Persidem
689 1381 755 1433 et
770 1369 1079 1433 Arabiam
1121 1370 1433 1455 confingit
1457 1383 1522 1435 et
1553 1392 1672 1457 per
1714 1391 1862 1437 eum
1906 1375 2251 1457 navigatur
2279 1370 2362 1434 ad
2384 1370 2657 1457 Indiam,

311 1487 385 1543 ut
424 1477 577 1541 dicit
605 1478 986 1560 leronymus
1029 1477 1096 1539 iu
1129 1477 1404 1561 epistola
1438 1478 1521 1540 ad
1557 1479 1913 1542 Fabiolam.
1959 1477 2235 1561 Insuper
2269 1476 2652 1541 notandum:

311 1582 485 1666 quod
528 1600 707 1645 mare
748 1582 1285 1645 mediterraneum
1328 1591 1430 1645 est
1463 1602 1683 1667 unum,
1725 1586 2020 1647 sortitum
2070 1581 2333 1646 diversa
2371 1582 2652 1664 nomina,

312 1706 431 1770 pro
474 1685 856 1750 diversitate
921 1686 1239 1770 locorum,
1291 1688 1462 1750 sicut
1515 1697 1580 1751 et
1639 1697 1842 1772 terra,
1909 1708 2055 1753 cum
2098 1689 2188 1751 sit
2243 1704 2403 1768 una,
2457 1685 2656 1754 hab-t

311 1790 575 1854 diversa
616 1793 891 1858 nomina.
955 1789 1359 1876 Quandoque
1400 1793 1570 1855 enim
1615 1811 1658 1855 a
1698 1795 2051 1876 provinciis
2110 1810 2345 1856 nomen
2387 1809 2653 1855 accom-

311 1895 558 1959 modat:
606 1898 708 1959 sic
750 1895 980 1960 dicitur
1022 1914 1201 1961 mare
1249 1898 1621 1981 asiaticum,
1662 1917 1839 1961 mare
1881 1899 2190 1981 syricum,
2234 1896 2653 1981 hybericumg

313 2000 701 2085 quandoque
745 2002 824 2064 ab
880 2001 1151 2084 insulis,
1218 2003 1387 2064 sicut
1462 2002 1890 2085 balearicum,
1952 2000 2261 2085 siculum,
2323 2002 2655 2084 creticum,

310 2107 637 2189 cyprium3
681 2106 1070 2189 quandoque
1100 2123 1143 2169 a
1174 2108 1645 2190 promontoriis,
1673 2108 1846 2169 sicut
1867 2106 2146 2169 maleum
2197 2115 2264 2169 et
2308 2124 2648 2190 aegaeum,

310 2210 696 2294 quandoque
737 2229 780 2273 a
818 2212 1155 2294 gentibus,
1197 2211 1367 2276 si'cut
1419 2212 1863 2296 germanicum
1878 2256 1900 2294 ,
1943 2210 2249 2293 gallicum
2264 2256 2286 2294 ,
2343 2212 2651 2293 italicum,

308 2314 752 2399 dalmaticum3
852 2315 1240 2400 quandoque
1313 2317 1393 2379 ab
1476 2315 1921 2398 adjacentibus
1997 2315 2367 2377 civitatibus
2384 2359 2405 2396 ,
2477 2316 2653 2378 siout

305 2419 726 2505 adriaticum,
801 2426 1074 2505 tyrium,
1149 2418 1514 2503 joppicum,
1594 2418 2130 2502 alexandrinum,
2210 2419 2649 2482 venetianum.

307 2525 392 2587 Et
437 2525 584 2589 ideo
628 2525 782 2588 dum
829 2525 1131 2606 leguntur
1171 2525 1364 2586 etiam
1406 2526 1474 2585 in
1518 2524 1914 2608 Evagatorio
1954 2521 2219 2587 diversa
2260 2526 2483 2608 maria,
2520 2541 2649 2587 nou

306 2629 688 2711 intelligitur
731 2631 862 2692 nisi
903 2646 1133 2712 unum,
1175 2628 1423 2691 habens
1463 2626 1728 2690 diversa
1770 2631 2047 2692 nomina.

475 2733 622 2794 Hoc
664 2750 843 2795 mare
902 2734 1075 2795 sicut
1116 2743 1183 2796 et
1223 2750 1507 2797 oceanus
1563 2743 1630 2796 et
1686 2744 1945 2799 caetera
1982 2733 2185 2798 maria
2249 2751 2334 2794 ex
2370 2750 2449 2794 eo
2491 2751 2651 2816 pre-

307 2838 575 2900 fluentia
640 2836 879 2900 habent
923 2854 1138 2920 aquas
1198 2839 1450 2922 salsas,
1507 2857 1796 2921 amaras,
1856 2838 2174 2922 insipidas
2196 2882 2217 2918 ‚
2273 2838 2542 2900 insanas
2582 2846 2649 2900 et

305 2942 568 3026 penitus
605 2941 689 3005 ad
730 2940 1080 3025 potandum
1121 2943 1465 3027 inhabiles,
1506 2952 1571 3006 et
1613 2953 1744 3006 tam
1786 2943 2148 3006 hominibus
2185 2959 2378 3025 quam
2421 2942 2651 3006 bestiis

308 3046 814 3130 abominabiles,
889 3049 1100 3130 magis
1165 3066 1362 3131 quam
1428 3050 1632 3112 urina.
1731 3048 1947 3130 HuJus
2015 3057 2230 3112 autem
2300 3047 2653 3112 salsedinis

308 3169 512 3240 causa
553 3161 656 3214 est
688 3151 1162 3216 occultissima:
1206 3154 1333 3219 hoc
1365 3174 1448 3220 ex
1481 3174 1561 3219 eo
1592 3162 1794 3238 patet,
1831 3155 1985 3237 quia
2008 3154 2253 3237 antiqui
2286 3153 2655 3236 philosophi

306 3259 376 3320 ln
418 3258 833 3341 inquisitione
874 3258 1049 3321 illius
1092 3276 1333 3324 causae
1374 3261 1647 3325 multum
1685 3258 2171 3340 laboraverunt,
2213 3268 2280 3320 et
2319 3261 2387 3320 in
2431 3259 2654 3341 aas&

309 3362 567 3425 natione
608 3379 947 3427 causarum
1008 3364 1480 3449 quodammodo
1524 3364 1839 3427 delirasse
1878 3361 2199 3445 videntur,
2247 3363 2420 3425 sicut
2460 3370 2527 3425 et
2568 3362 2654 3426 de

304 3465 445 3531 Nili
470 3474 611 3529 ortu
642 3476 709 3530 et
735 3466 876 3549 ejus
896 3469 1300 3534 incremento
1342 3478 1605 3552 propter
1635 3469 2142 3532 occultissimam
2170 3468 2394 3531 horum
2421 3467 2652 3549 [natu-

309 3571 477 3654 ram]
514 3571 886 3654 deliramnt,
923 3581 995 3636 ut
1025 3582 1203 3656 patet
1242 3573 1397 3637 Rs.
1423 3573 1534 3636 fol.
1565 3572 1705 3636 119.
1752 3572 1838 3635 A.
1861 3576 1941 3634 B.
1984 3593 2103 3656 per
2144 3577 2363 3635 totum.
2409 3571 2526 3635 Sic
2567 3571 2650 3636 de

305 3695 509 3741 causa
570 3675 920 3740 salsedinis
980 3680 1176 3741 maris
1250 3678 1524 3742 dicendo
1584 3677 1667 3740 ad
1734 3676 2043 3741 stultitias
2119 3676 2405 3759 prolapsi
2474 3686 2650 3746 suut.

304 3783 480 3847 Nam
546 3783 976 3846 vetustissimi
1049 3782 1711 3867 Demogorgonistae,
1754 3781 1925 3845 ultra
1986 3799 2253 3844 sensum
2295 3781 2652 3845 ascendere

304 3890 716 3972 nescientes,
779 3886 1111 3971 fingebant
1164 3888 1768 3971 Demogorgonem,
1834 3905 2027 3970 quem
2080 3896 2326 3969 patrem
2377 3888 2652 3970 primum

305 4013 522 4059 rerum
568 3995 774 4058 fuisse
839 3994 1308 4079 aestimabant,
1375 3993 1612 4058 molem
1654 3993 1986 4076 ingentem
2043 3990 2125 4055 de
2168 4001 2383 4055 monte
2431 3991 2651 4056 Acro-

308 4100 573 4163 cerauni
633 4100 938 4182 ignitam„
977 4099 1338 4185 evulsisse,
1401 4097 1874 4183 solidatamque
1927 4115 2008 4161 ac
2086 4095 2491 4161 rotundatum
2539 4096 2650 4160 vol

306 4207 636 4291 globatam
678 4205 841 4268 mari
901 4222 1145 4270 oceano
1199 4207 1421 4271 sexies
1461 4205 1902 4289 immersisse,
1962 4222 2049 4268 ex
2084 4203 2349 4288 ‚quibua
2384 4203 2651 4266 immer-

307 4312 603 4378 sionibus
646 4318 784 4376 tota
821 4328 1032 4395 aquae
1091 4313 1434 4397 congeru-
1489 4310 1698 4378 bulire
1758 4320 1828 4375 et
1887 4311 2262 4376 fervescere
2322 4307 2526 4390 capite
2582 4312 2652 4370 et

308 4418 371 4484 si
411 4436 546 4498 non
583 4418 807 4484 statim
846 4417 1110 4502 globum
1152 4420 1554 4502 retraxisset,
1597 4425 1735 4483 tota
1775 4435 2085 4503 aquarum
2126 4412 2421 4488 maximn-
2442 4409 2650 4475 moles
