3242 5259
1427 259 1557 330 85⁷

317 458 387 514 et
433 443 654 513 multis
695 444 911 528 signis
949 450 1021 506 et
1077 441 1433 507 virtutibus
1495 440 1702 506 facies
1760 439 1876 505 illa
1938 440 2201 527 claruit,
2265 452 2333 506 et
2377 442 2657 508 celebris

321 555 500 619 facta
542 551 680 615 fuit.
764 551 956 613 Haec
1026 547 1256 639 muller
1315 564 1463 610 cum
1525 543 1785 608 sudario
1825 564 1868 608 a
1907 546 2165 612 Tiberio
2208 546 2498 613 Caesare
2538 567 2657 632 per

318 656 752 721 Volusianum
793 651 1060 716 militem
1104 670 1143 715 e
1180 649 1640 735 Hierosolyma
1658 648 1931 713 Romam
1963 653 2335 718 accersitur.
2376 654 2656 717 Detine-

318 762 510 826 batur
547 758 719 822 enim
742 754 992 819 Caesar
1029 771 1266 838 magno
1311 754 1705 819 infirmitatis
1732 754 1975 839 morbo,
2011 757 2148 840 qui,
2190 759 2659 842 quamprimum

320 865 657 931 mulierem
696 868 991 927 sanctam
1030 858 1457 944 suscepisset,
1484 870 1549 923 et
1579 859 1926 943 imaginem
1958 863 2368 946 contigisset,
2392 871 2658 926 curatus

321 973 447 1030 est.
557 962 705 1044 Quo
766 972 991 1028 curato
1049 973 1286 1047 postea
1342 980 1553 1048 usque
1613 964 1700 1028 ed
1766 973 2038 1052 mortem
2101 967 2192 1034 ibi
2249 967 2533 1030 moribus
2590 974 2661 1044 et

320 1071 670 1134 sanctitate
708 1071 777 1133 in
815 1069 1025 1152 pretio
1065 1068 1285 1132 habita
1321 1086 1472 1133 cum
1509 1068 1827 1153 apostolis
1868 1069 2063 1134 Petro
2104 1078 2175 1135 et
2215 1069 2417 1135 Paulo
2461 1078 2660 1154 atque

320 1172 663 1237 Clemente
687 1161 1046 1237 'ecclesiam
1087 1173 1216 1237 Dei
1255 1174 1660 1237 constituens
1699 1174 2164 1257 perseveravit.
2247 1176 2404 1258 Ipsa
2441 1182 2658 1238 autem

316 1278 536 1363 imago
575 1277 919 1362 panniculo
962 1280 1304 1361 impressa,
1350 1274 1677 1341 Clementi
1716 1277 2019 1342 Pontifici
2060 1287 2127 1342 et
2167 1280 2659 1343 successoribus

319 1382 407 1447 ab
449 1382 677 1445 eadem
714 1401 800 1445 ex
843 1391 1231 1446 testamento
1273 1380 1606 1463 derelicta,
1638 1400 1814 1446 nnnc
1859 1400 2069 1469 nsque
2094 1382 2341 1447 Romae
2375 1384 2443 1446 in
2485 1383 2659 1448 beati

318 1485 500 1550 Petri
540 1486 781 1569 templo
822 1505 865 1549 ι
909 1483 1154 1550 Christi
1196 1485 1500 1550 fidelibus
1542 1485 1825 1550 maxima
1868 1504 2016 1551 cnm
2053 1487 2366 1571 religione
2419 1488 2659 1551 invisi-

322 1601 452 1660 tur.
534 1589 805 1654 Sacrum
847 1597 1060 1653 autem
1102 1588 1433 1653 sudarium
1487 1603 1723 1653 nomen
1767 1589 2055 1654 mulieris
2116 1592 2380 1655 retinuit
2446 1609 2659 1675 usqne

321 1697 392 1761 in
434 1695 811 1759 hodiernum
852 1693 1055 1779 diem,
1099 1702 1167 1757 et
1226 1692 1463 1758 dicitnr
1503 1693 1833 1757 Veronica
1874 1693 2043 1779 (B).
2132 1696 2327 1759 Hanc
2368 1695 2655 1760 Vetoni-

320 1819 465 1870 cam
508 1799 645 1864 vidi
685 1799 940 1863 Romae
980 1798 1049 1861 iu
1092 1796 1198 1861 die
1238 1798 1647 1863 ascensionis
1684 1797 1945 1863 Domini
1985 1817 2157 1864 anno
2201 1797 2386 1864 14⁷⁶.

492 1905 598 1969 De
638 1906 765 1970 boc
805 1900 988 1966 multi
1026 1921 1145 1986 per
1184 1911 1473 1988 tempora
1502 1904 1849 1988 exquisitis
1889 1902 2307 1968 celebravere
2333 1901 2656 1985 laudibus,

321 2013 493 2073 inter
534 2025 700 2092 quas
747 2006 860 2073 illa
895 2004 1245 2090 singularis
1287 2008 1578 2120 habetur,
1614 2015 1685 2071 et
1726 2008 2150 2074 communiter
2191 2007 2444 2092 dicitnr,
2487 2026 2656 2093 qnae

322 2114 425 2180 sic
462 2112 723 2199 incipit:
1762 2185 1775 2196 ,

738 2215 944 2280 Salve
986 2225 1217 2282 sancta
1255 2216 1462 2281 facies
1511 2219 1717 2281 nostri
1740 2215 2171 2299 Bedemtoris,

742 2324 818 2386 In
861 2339 990 2406 qua
1034 2323 1194 2390 nitet
1230 2322 1489 2404 species
1529 2321 1734 2384 divini
1768 2320 2165 2405 splendoris,

742 2427 1073 2514 humes-sa
1111 2427 1459 2510 panniculo
1500 2427 1680 2490 nivei
1717 2426 2041 2509 candoris,
2182 2503 2189 2510 ι

625 2555 644 2572 ·
742 2528 1042 2614 Dataque
1083 2531 1449 2597 veronicae
1491 2532 1572 2597 ob
1613 2532 1876 2615 signum
1920 2529 2181 2599 amoris.

489 2631 697 2716 Igitur
737 2631 996 2698 domum
1036 2637 1229 2701 istam
1288 2645 1556 2716 sanctae
1616 2635 1986 2700 veronicae
2019 2630 2306 2716 jocunde
2361 2642 2653 2698 contem-

319 2734 677 2822 plabamur,
721 2741 1104 2825 cogitantes,
1153 2741 1473 2825 quomodo
1510 2747 1648 2804 tota
1682 2753 1948 2804 romana
1987 2737 2272 2801 ecclesia
2303 2741 2654 2823 acquisivit

320 2859 444 2926 per
479 2842 654 2905 illius
699 2842 927 2907 domus
969 2839 1290 2929 hospitam
1342 2844 1642 2908 decorem
1709 2850 1778 2905 et
1818 2843 2093 2926 gloriam
2136 2842 2513 2926 accipiendo
2570 2846 2653 2908 ab

321 2965 405 3013 ea
447 2947 681 3011 faciem
726 2947 1088 3013 Salvatoris
1105 2994 1126 3032 ,
1168 2959 1235 3013 et
1293 2948 1522 3012 fideles
1583 2947 1666 3011 de
1711 2948 2018 3011 universo
2082 2946 2321 3012 mundo
2374 2948 2652 3014 Romam

320 3062 623 3138 currunt,
687 3061 763 3117 ut
807 3055 1040 3122 taciem
1104 3056 1275 3118 lianc
1337 3052 1834 3117 desiderabilem
1894 3051 2194 3136 videant,
2257 3071 2448 3137 quam
2500 3053 2650 3118 dum

323 3155 736 3222 Christianus
761 3161 987 3244 cernit,
1028 3177 1070 3222 a
1091 3160 1248 3223 fletu
1287 3176 1366 3222 se
1400 3159 1703 3223 cohibere
1726 3175 1856 3220 non
1893 3156 2088 3221 valet.
2135 3156 2452 3226 Stetimus
2493 3177 2651 3242 ergo

320 3270 481 3327 ante
537 3263 832 3349 domum,
893 3273 961 3327 et
1023 3264 1261 3327 ostium
1323 3263 1684 3327 deosculati
1747 3279 1972 3326 snmus
1989 3307 2009 3344 ,
2073 3271 2140 3326 et
2217 3263 2653 3348 indulgentias

319 3368 685 3452 recepimus
702 3368 837 3451 (†).
877 3345 1079 3433 P'orro
1122 3376 1274 3452 post
1313 3345 1795 3453 peregrinorum
1838 3383 2170 3430 recessum
2213 3388 2251 3430 a
2287 3367 2654 3432 Jerusalem

319 3488 476 3556 nos,
540 3472 652 3556 qui
693 3474 1081 3558 mansimus,
1141 3474 1210 3537 iu
1252 3474 1461 3557 ipsam
1504 3461 1764 3560 domum
1806 3471 2179 3557 ‚intromissi
2237 3470 2479 3536 fluimus
2538 3490 2656 3556 per

322 3572 796 3661 Sarrncennm,
838 3581 952 3663 qui
994 3597 1134 3642 eam
1177 3578 1514 3643 inhabitat.
1579 3599 1594 3610 ·

386 3822 670 3901 Domus
717 3824 1119 3919 Dedi-ucis,
1169 3821 1418 3902 divitis
1457 3825 1663 3936 ,illius
1713 3826 2069 3927 epuloniS,
2115 3826 2233 3926 qui
2285 3853 2604 3930 purpura

1221 3946 1540 4076 ,indutus
1590 3954 1735 4022 etc.

490 4124 982 4211 consequenter
1023 4119 1479 4193 descendimus
1532 4147 1649 4211 per
1688 4126 1938 4212 vicum,
1982 4137 2049 4192 et
2101 4125 2186 4193 ad
2228 4127 2488 4194 domum
2528 4149 2655 4194 ve-

323 4229 567 4291 tustam
628 4232 745 4295 sed
810 4235 1144 4318 pulchram
1205 4235 1537 4316 venimus,
1619 4251 1789 4319 quae
1853 4230 2087 4296 dicitnr
2152 4234 2359 4298 fuisse
2428 4234 2654 4298 divitis

325 4327 621 4408 epulonis
660 4333 920 4422 domus,
963 4341 1073 4424 qui
1116 4339 1372 4424 proprio
1428 4340 1688 4405 nomine
1741 4336 2013 4403 Dodrux
2056 4338 2428 4421 dicebatur,
2486 4336 2658 4421 quod
