3242 5259
332 524 697 609 scapularis
718 523 1239 591 praedicatorum
1274 534 1343 588 et
1366 525 1951 599 carthusiensium.
1997 530 2176 593 Ante
2214 528 2388 595 hauc
2427 529 2684 597 dem-

331 631 640 714 prostrati
701 629 1044 692 Dominum
1104 634 1559 716 precabamur,
1605 631 1762 714 (B)
1804 640 1873 695 et
1915 633 2339 717 indulgentiis
2392 634 2685 720 acceptis

330 736 732 799 surreximus
792 732 931 816 (†)·
1033 736 1416 818 ingressum
1475 737 1644 799 euim
1723 738 1788 800 iu
1849 738 2107 829 domum
2170 740 2343 803 hauc
2402 741 2469 804 iu
2537 759 2685 805 mes

333 840 543 922 prima
577 838 1099 922 peregrinatione
1141 840 1386 903 habere
1427 858 1558 903 neu
1605 842 1817 924 potui,
1862 843 2014 927 quia
2054 851 2210 907 tuuc
2266 853 2449 907 eraut
2488 848 2561 910 iu
2602 863 2685 911 ea

332 942 599 1008 scholae
639 959 982 1026 puerorum
1024 943 1548 1025 Sarraceuemm,
1574 946 1646 1008 in
1689 948 1926 1029 quibus
1960 947 2143 1031 pueri
2174 950 2676 1015 instruebantur.

331 1049 406 1111 Iu
448 1065 596 1111 mea
638 1066 796 1112 vere
838 1047 1129 1111 secunda
1167 1050 1694 1131 peregrinatione
1736 1060 2006 1134 repente
2047 1053 2297 1135 repulsi
2359 1053 2600 1117 fuimus
2639 1074 2682 1118 a

331 1152 557 1236 domo,
605 1153 756 1235 quia
791 1151 1162 1235 praefectus
1205 1152 1494 1217 civitatis
1535 1171 1695 1220 suas
1749 1155 2157 1219 concubinas
2197 1158 2267 1220 in
2310 1175 2392 1220 ea
2430 1157 2679 1224 locatas

331 1258 587 1340 habuit,
632 1264 896 1340 propter
952 1272 1119 1342 quas
1163 1259 1355 1321 etiam
1420 1268 1566 1341 post
1608 1238 2522 1345 abscessum'perogriuorum
2569 1264 2677 1327 iu·-

329 1379 630 1448 gressum
672 1361 914 1426 habere
956 1382 1085 1428 neu
1129 1365 1473 1447 potuimus.

377 1679 498 1755 De
547 1676 765 1754 domo
807 1676 1135 1758 Simonis
1184 1676 1589 1771 Pharisaei,
1636 1676 1711 1751 iu
1763 1702 1904 1777 qua
1951 1677 2206 1755 mulier
2252 1680 2669 1782 peccatrix·

1317 1797 1697 1902 poenituit.

494 2003 762 2067 Festiue
802 2001 1060 2066 domum
1103 1999 1390 2064 Heredis
1434 2000 1927 2085 dereliquimus,
1985 1977 2094 2065 ue·
2125 2001 2526 2086 praefectum
2567 2002 2673 2066 cf·-

331 2107 767 2192 i'enderemus‚
813 2117 879 2171 et
924 2108 990 2170 in
1034 2107 1251 2170 vicum
1289 2106 1631 2189 pristinum
1675 2106 2152 2191 descendimus,
2195 2114 2265 2169 et
2298 2115 2451 2170 ante
2495 2107 2672 2172 feres

328 2210 666 2294 eujusdam
749 2212 983 2277 domus
1057 2212 1485 2276 substitimus.
1595 2213 1672 2274 Iu
1742 2213 1858 2276 illa
1931 2214 2104 2276 euim
2188 2211 2377 2276 dome
2440 2210 2673 2275 dicitur

329 2314 663 2380 habitasse
703 2317 1097 2381 Pharisaeus
1137 2316 1250 2378 ille
1270 2361 1292 2400 ‚
1335 2317 1447 2399 qui
1502 2316 1769 2400 rog-abst
1830 2316 2101 2400 Jesum,
2143 2324 2215 2378 ut
2257 2316 2673 2380 manducaret

326 2437 472 2483 cum
514 2421 646 2505 illc,
689 2431 754 2485 et
797 2441 945 2485 cum
987 2422 1077 2484 ibi
1119 2429 1320 2503 esset,
1369 2421 1552 2483 veuit
1594 2418 1843 2499 mulier,
1889 2438 2058 2502 quae
2100 2427 2243 2483 erat
2284 2422 2351 2483 iu
2395 2422 2666 2485 civitate

325 2527 676 2607 peccatrix,
718 2536 783 2590 et
830 2529 1027 2590 mirae
1062 2527 1502 2610 poeniteutiae
1556 2533 1622 2588 et
1666 2523 2032 2588 devotionis
2085 2524 2399 2609 obsequia
2469 2543 2666 2609 prae-

329 2629 515 2712 stitit,
556 2639 639 2692 ut
675 2630 951 2693 habetur
990 2630 1152 2694 Luc.
1195 2630 1369 2715 vu,
1406 2630 1591 2714 adeo,
1632 2637 1703 2692 ut
1747 2631 1941 2691 etiam
1990 2629 2350 2694 secuudum
2393 2632 2661 2713 Grego-

329 2734 492 2797 rium
532 2751 803 2799 saxeum
862 2742 1097 2819 pectus
1140 2733 1467 2819 lecrymae
1521 2734 1652 2797 illis
1715 2735 2103 2816 peccatricis
2159 2734 2240 2797 ad
2298 2734 2662 2817 exemplum

326 2838 700 2920 poeniteudi
742 2841 1043 2904 emolliat.
1109 2838 1284 2918 Quot
1324 2840 1497 2903 euim
1527 2839 1759 2903 habuit
1804 2841 1873 2902 iu
1915 2857 1992 2903 se
2034 2839 2524 2922 delectamenta,
2569 2845 2667 2903 tet

325 2941 407 3006 de
447 2959 525 3005 se
567 2922 859 3026 praebuit
902 2946 1320 3027 holocausta3
1365 2953 1433 3008 et
1476 2945 1802 3008 convertit
1841 2944 1925 3008 ad
1979 2963 2317 3009 numerum
2353 2945 2663 3007 virtutum

324 3066 655 3113 numerum
699 3051 1056 3132 criminum,
1098 3059 1168 3115 ut
1210 3058 1411 3114 totum
1454 3050 1735 3112 serviret
1773 3048 2052 3113 Domine
2113 3051 2180 3113 iu
2241 3049 2659 3131 poenitentia,

323 3152 633 3237 quidquid
701 3175 786 3219 ex
862 3174 941 3219 se
1006 3155 1216 3218 Deum
1269 3162 1705 3218 contemserat
1772 3155 1841 3216 iu
1903 3153 2111 3237 culpa.
2218 3152 2396 3215 Ante
2461 3152 2659 3236 hujus

324 3255 552 3321 demus
597 3259 772 3323 fores
812 3260 1291 3343 procubuimus,
1333 3274 1399 3321 et
1440 3257 1878 3341 indulgentias
1922 3259 2294 3342 accepimus
2336 3258 2481 3341 st).

488 3361 690 3426 Porro
765 3364 1024 3429 videtur
1097 3382 1254 3429 csse
1315 3365 1668 3428 diversitas
1708 3364 2277 3447 Evangelistarum
2328 3362 2413 3426 de
2467 3362 2659 3427 dome

323 3465 673 3548 praedicta.
758 3467 977 3533 Lucas
1020 3471 1130 3534 ubi
1165 3470 1470 3554 scripsit,
1522 3468 1783 3533 videtur
1823 3469 2040 3533 dicere
2081 3469 2258 3532 velle
2277 3512 2299 3551 ,
2353 3466 2527 3551 qued
2586 3468 2658 3531 iu

323 3569 694 3634 Jerusalem
750 3571 878 3636 hoc
935 3577 1022 3673 sit
1080 3575 1343 3640 factum.
1445 3573 1581 3638 Sed
1651 3572 1861 3636 Marci
1926 3573 2024 3636 14.
2086 3581 2152 3633 et
2203 3572 2353 3635 Joh.
2424 3572 2524 3636 12.
2587 3576 2659 3634 et

318 3674 553 3738 Matth-
594 3676 700 3740 ΞΒ.
752 3677 987 3743 dicitur
1030 3680 1276 3745 factum
1318 3679 1674 3743 Bethaniae
1715 3677 1781 3739 iu
1836 3675 2026 3739 demo
2067 3674 2352 3737 Simonis
2396 3674 2653 3757 leprosi.

322 3778 480 3843 Ideo
523 3779 742 3845 dicunt
784 3783 1045 3868 quidam
1087 3785 1382 3869 magistri
1425 3792 1494 3846 et
1557 3782 1770 3845 sancti
1812 3780 2112 3843 dectores
2132 3823 2153 3862 ,
2202 3785 2281 3843 ut
2323 3778 2657 3861 Hierony-

317 3902 465 3948 mus
526 3895 753 3950 centra
819 3889 1223 3954 luviniacum
1266 3905 1406 3971 cap.
1450 3886 1557 3951 46.
1643 3888 1731 3948 Et
1773 3884 1945 3972 qued
1990 3884 2420 3968 Evangelista
2438 3885 2657 3949 Lucas

317 3987 600 4074 {equitur
641 3990 725 4054 de
762 3991 892 4057 alia
933 3994 1223 4078 muliere,
1249 4010 1446 4078 quam
1490 3991 1603 4055 alii
1646 3999 1806 4074 tres,
1848 3991 1961 4074 qui
2001 3990 2085 4054 de
2123 3990 2334 4054 Baria
2373 3987 2658 4073 Magda-

313 4092 468 4156 Ieua
506 4094 890 4180 lequuntur,
935 4107 999 4162 et
1043 4116 1234 4162 suum
1295 4098 1578 4162 officium
1623 4096 1917 4161 exhibuit
1992 4096 2063 4158 iu
2119 4095 2475 4178 Beth-uis,
2530 4093 2660 4157 ὡ

314 4207 528 4260 autem
573 4201 639 4263 iu
689 4202 1145 4286 Hierosolyma
1187 4206 1254 4268 in
1298 4202 1488 4266 deme
1531 4203 1674 4265 hac.
1784 4201 1873 4263 Et
1927 4200 2078 4263 huic
2149 4200 2322 4265 dicto
2387 4198 2659 4263 demeu-

315 4302 545 4365 strstie
587 4316 963 4371 sanderum
984 4305 1265 4368 locorum
1305 4306 1673 4389 concerdat,
1714 4308 1873 4390 quia
1890 4306 1996 4370 hic
2029 4307 2395 4371 ostenditur
2429 4304 2661 4369 danus

319 4401 608 4471 simom-
641 4409 997 4494 Pharisaei,
1041 4413 1214 4475 etin
1256 4413 1569 4478 Bethania
1612 4412 1840 4477 demus
1883 4411 2167 4475 Simonis
2203 4409 2463 4494 leprosi.
2507 4406 2658 4471 Nisi
