3242 5259
704 524 824 600 De
873 522 1043 599 loeo
1085 519 1447 613 earceriS,
1514 520 1635 619 qui
1689 528 1849 595 erat
1909 524 2132 621 Juxta
2194 519 2576 622 seopulum
2637 516 3064 613 Galim-iae,

895 643 966 717 in
1018 664 1159 741 quo
1212 639 1552 719 Christus
1602 655 1777 743 post
1827 638 2286 718 eductionem
2335 640 2472 716 suit
2509 641 2857 717 inclusus.

872 825 1021 887 Hoe
1063 822 1207 887 loeo
1252 822 1561 887 derelicto
1607 834 2084 907 consequenter
2125 841 2272 886 eum
2302 827 2502 886 cantu
2543 830 2610 884 et
2633 822 3068 904 processione

703 928 1158 1019 transivimus,
1203 936 1270 991 et
1330 926 1654 1012 quandam
1711 931 2051 991 obscuram
2099 927 2416 1011 capellam
2477 927 2763 1010 ingressi
2805 943 3065 1007 sumus,

703 1054 872 1120 quae
917 1043 1056 1098 erat
1113 1036 1178 1097 in
1238 1043 1425 1116 petra
1468 1033 1724 1116 excisa,
1784 1042 1849 1095 et
1893 1033 2131 1095 nullam
2194 1033 2418 1096 habuit
2479 1032 2866 1115 fenestram,
2940 1028 3067 1092 sed

703 1164 896 1204 unum
940 1141 1000 1200 iu
1056 1160 1136 1200 ea
1174 1139 1353 1202 stetit
1389 1137 1594 1200 altare
1638 1145 1705 1201 et
1749 1137 1874 1202 duo
1909 1138 2166 1207 ostiola.
2243 1138 2431 1200 Haec
2472 1137 2728 1220 capella
2764 1146 3068 1219 tempore

707 1248 1028 1328 passionis
1080 1243 1318 1308 Christi
1382 1244 1501 1306 fuit
1546 1261 1805 1327 carcer,
1869 1244 2014 1306 sive
2057 1241 2473 1306 inclusorium
2524 1243 2714 1325 juxta
2771 1249 3064 1303 montem

707 1354 1080 1432 calvariae,
1137 1346 1219 1411 ad
1261 1350 1386 1411 hoe
1429 1346 1823 1430 ordinatum,
1880 1357 1952 1410 ut
1994 1348 2088 1410 rei
2132 1347 2350 1410 educti
2399 1345 2482 1409 ad
2542 1355 2812 1408 mortem
2857 1346 2931 1408 in
2982 1363 3063 1407 eo

711 1456 1220 1536 insinua-rentur,
1280 1471 1620 1538 quousque
1664 1463 2123 1517 tormentorum
2184 1455 2604 1516 instrumenta
2646 1458 3061 1533 pararentur,

707 1584 968 1640 cruens,
1020 1557 1338 1640 patibula,
1382 1568 1593 1641 rotae,
1660 1558 1841 1641 ligna
1885 1558 1963 1622 ad
2006 1560 2258 1642 ignem,
2315 1567 2381 1619 et
2421 1556 2825 1639 hujusmodi,
2874 1565 2948 1618 et
2989 1564 3060 1617 ut

703 1668 767 1724 in
816 1684 888 1724 [m
936 1668 1229 1726 biberent
1285 1672 1350 1726 et
1414 1664 1917 1747 inebriarentur,
1994 1664 2147 1747 quia
2210 1670 2588 1725 consuetum
2655 1670 2792 1723 erat
2847 1669 3061 1723 morte

703 1768 1080 1852 plemundus
1149 1769 1328 1849 prius
1404 1768 1760 1831 fortissimo
1826 1771 1981 1832 vino
2058 1768 2391 1850 inebriari,
2455 1775 2528 1829 ut
2597 1768 2809 1827 minus
2893 1766 3058 1828 mori

703 1876 1126 1956 trepidarent,
1170 1881 1232 1933 et
1277 1879 1599 1935 tormenta
1642 1872 1854 1935 levius
1898 1872 2175 1955 ferrent3
2231 1880 2296 1934 et
2338 1880 2410 1933 ut
2452 1872 2684 1934 fortius
2734 1870 3057 1952 biberent,

707 1956 1197 2038 includebantur
1273 1977 1362 2038 ibi
1431 1995 1579 2039 eum
1643 1978 1834 2060 vino,
1907 1986 2232 2061 quatenus
2293 1979 2437 2041 sine
2515 1975 2920 2038 verecundia
2991 1972 3058 2037 id

707 2092 992 2160 agerent.
1056 2080 1220 2143 Cum
1265 2099 1420 2163 ergo
1443 2081 1764 2143 Dominus
1800 2081 2004 2145 Jesus
2049 2100 2192 2145 eum
2239 2101 2433 2146 eruce
2472 2080 2744 2143 eductus
2790 2078 3058 2160 fuisset,

707 2188 1100 2248 inicius-erunt
1163 2204 1307 2248 eum
1370 2187 1437 2247 in
1503 2184 1616 2248 illa
1670 2185 1939 2268 cellula,
1996 2205 2334 2273 quousque
2408 2187 2723 2250 foramina
2792 2185 2919 2246 tria
2990 2184 3055 2246 iu

699 2292 968 2372 ampula
1024 2292 1366 2353 salvan-iae
1430 2291 1778 2354 formarent
1853 2311 1968 2375 pro
2035 2292 2244 2355 tribus
2314 2292 2649 2370 crucibus,
2715 2298 2780 2351 et
2838 2287 3056 2351 medio

703 2408 996 2476 tempore
1044 2400 1304 2459 biberet.
1391 2394 1725 2459 Dederunt
1776 2406 1989 2459 autem
2047 2396 2322 2461 Domino
2364 2398 2760 2480 myrrhatum
2803 2395 3057 2477 vinum,

703 2504 908 2564 hiare-i
964 2504 1124 2584 KR,
1179 2499 1349 2584 quod
1396 2500 1518 2564 fuit
1563 2501 2072 2585 acerbissimum,
2115 2501 2288 2565 unde
2330 2501 2611 2566 oblatum
2654 2508 2874 2583 potum
2924 2515 3056 2560 non

703 2608 988 2688 aceepit,
1036 2619 1100 2668 ut
1147 2605 1380 2669 dicitur
1422 2603 1680 2668 ibidem.

869 2712 945 2773 In
991 2712 1113 2774 hae
1168 2710 1524 2775 venerabili
1583 2711 1754 2774 cella
1796 2711 2215 2794 contemplati
2279 2727 2504 2773 sumus
2548 2728 2676 2773 non
2742 2711 2888 2773 sine
2932 2714 3058 2774 tri-

701 2815 910 2897 stitia,
977 2816 1301 2899 quomodo
1363 2811 1680 2879 Dominus
1739 2815 1943 2878 Jesus
1992 2815 2059 2878 in
2105 2834 2185 2878 ea
2240 2813 2458 2897 flevit,
2524 2824 2591 2877 et
2659 2824 3054 2880 tormentum

699 2923 914 2983 erucis
958 2939 1105 2983 eum
1151 2924 1379 2985 timore
1421 2922 1665 3003 pariter
1706 2930 1771 2984 et
1816 2938 2033 2983 amore
2072 2921 2497 3002 exspectavit.
2588 2918 2846 3002 Singuli
2893 2940 3056 3005 ergo

700 3043 845 3088 cum
903 3024 1298 3107 singultibus
1357 3031 1426 3085 et
1480 3025 1828 3106 gemitibus
1891 3026 2173 3109 ingressi
2235 3042 2496 3108 sumus,
2541 3033 2607 3087 et
2664 3027 3057 3089 successive

699 3128 983 3211 vestigia
1028 3126 1397 3190 Salvator-is
1440 3130 1647 3191 nostri
1692 3127 2229 3191 deosculabamur
2271 3145 2419 3192 eum
2478 3130 2943 3213 prostratione,
2991 3139 3055 3193 et

700 3230 1138 3314 indulgentias
1178 3230 1268 3294 ibi
1310 3232 1682 3313 accepimus
1725 3232 1859 3313 (†).

698 3462 818 3540 De
867 3461 1068 3557 loeo,
1115 3458 1239 3539 ubi
1286 3459 1557 3538 milites
1604 3464 1957 3543 miserunt
2004 3475 2253 3546 sortes
2307 3491 2537 3571 super
2608 3466 3054 3546 vestimenta

1246 3581 1561 3676 Christi,
1613 3597 1693 3661 et
1744 3608 1838 3663 ea
1884 3587 2287 3665 diviserunt
2335 3587 2497 3666 sibi.

864 3767 1312 3830 Transivimus
1393 3776 1871 3851 consequenter
1921 3788 1962 3833 a
2034 3789 2299 3835 earcere
2379 3769 2629 3834 Christi
2694 3767 2776 3831 ad
2855 3769 3048 3833 aliam

699 3868 1017 3952 capellam
1057 3890 1202 3935 eum
1248 3873 1453 3936 tribus
1498 3876 1850 3938 obstructis
1896 3874 2239 3962 fenestris,
2287 3886 2352 3940 et
2395 3876 2482 3939 ibi
2535 3885 2636 3938 est
2685 3874 2892 3958 loeus,
2937 3876 3049 3938 ubi

612 4011 621 4021 ·
690 3972 823 4054 Jam
849 3968 1126 4038 Domino
1155 3976 1323 4041 Jesu
1357 3978 1534 4041 eruci
1571 3977 1772 4042 affixo
1811 3978 2070 4042 stabant
2097 3981 2200 4045 sui
2243 3980 2681 4063 crucifixores,
2710 3980 3047 4043 mittentes

696 4088 940 4162 sortes,
1010 4079 1165 4166 quid
1207 4083 1353 4165 quis
1399 4081 1657 4145 tolleret
1711 4081 1794 4144 de
1853 4085 2154 4149 vestibus
2209 4087 2412 4170 Jesu,
2482 4095 2549 4149 et
2609 4085 2835 4170 partiti
2889 4092 3045 4147 sunt

694 4184 1088 4247 vestimenta
1132 4183 1273 4268 ejus
1315 4185 1382 4249 in
1427 4194 1705 4270 quatuor
1744 4198 2000 4276 partes,
2061 4193 2407 4278 unicuique
2469 4191 2659 4255 militi
2701 4188 2847 4271 (B)
2885 4206 3046 4273 par-

694 4294 843 4353 tem.
927 4286 1039 4349 Ad
1084 4297 1325 4353 sortem
1370 4301 1583 4355 autem
1631 4305 1990 4376 posuerunt
2030 4298 2312 4360 tunicam
2355 4294 2829 4378 inconsutilem,
2874 4312 3046 4377 quae

694 4395 909 4457 scissa
945 4392 1199 4458 inutilis
1238 4393 1489 4461 fuisset.
1534 4398 1624 4461 Et
1665 4399 1978 4466 sedentes
2025 4405 2095 4466 in
2136 4401 2281 4467 loeo
2305 4401 2432 4467 hoo
2466 4402 2783 4466 miserunt
2824 4408 3043 4464 sortes
