3242 5259
1407 324 1539 443 *ἓ

303 520 636 603 orientem,
680 535 959 602 cumque
977 535 1097 601 per
1116 515 1398 599 spatium
1414 516 1683 602 aliquod
1700 516 2269 584 descendissemus
2290 534 2406 600 per
2424 517 2639 580 vicum

301 627 371 695 in
410 625 526 690 via
562 623 697 706 illa,
740 640 860 705 per
896 638 1095 705 quam
1134 619 1455 687 Dominus
1494 623 1699 686 Jesus
1742 639 1999 687 crucem
2025 622 2323 705 bajulans
2364 623 2433 686 in
2455 638 2642 683 mon·-

305 738 435 795 tem
477 725 775 791 ascendit
791 724 1158 809 Calvariae,
1187 727 1488 790 venimus
1529 726 1614 790 ad
1656 727 1977 812 quandam
2002 729 2330 812 antiquam
2372 735 2642 809 portam,

305 842 560 917 ruptam
598 832 668 897 in
704 830 935 895 dextra
975 839 1179 914 parte,
1221 830 1306 894 de
1347 849 1478 913 qua
1517 849 1648 894 non
1688 831 1835 916 plus
1877 833 2153 915 mansit,
2194 848 2388 915 quam
2444 848 2644 895 unum

307 939 483 1003 latus
508 955 551 999 a
569 945 743 1000 terra
781 953 1040 1000 sursum
1067 953 1277 1023 usque
1297 934 1382 1001 ad
1393 938 1819 1019 murvinum,
1857 955 2025 1020 qnae
2046 954 2266 1001 arcum
2295 942 2639 1022 sustemst,

306 1041 624 1131 reliquum
662 1049 863 1105 totum
907 1039 1290 1122 dissipatum
1333 1048 1456 1102 est.
1516 1039 1654 1103 Sed
1696 1050 1764 1104 et
1800 1041 1913 1104 illa
1955 1059 2130 1124 pars,
2172 1058 2342 1124 quse
2382 1040 2643 1119 mansit,

306 1155 410 1211 est
445 1148 577 1210 iam
615 1145 785 1208 intra
821 1144 1052 1209 domos
1127 1146 1508 1226 constituta,
1558 1144 1733 1229 quod
1795 1164 1925 1209 non
1989 1147 2312 1229 potuimus
2371 1142 2457 1207 ad
2496 1161 2641 1205 eam

306 1251 552 1336 veruto,
594 1268 635 1315 e
678 1249 947 1332 regione
985 1257 1201 1341 autem
1263 1251 1568 1314 stetimus
1609 1260 1679 1313 et
1718 1269 1861 1314 eam
1897 1251 2109 1315 intuiti
2151 1267 2395 1325 sumus.
2493 1248 2644 1312 Fuit

307 1364 532 1421 autem
574 1364 762 1440 porta
801 1354 953 1437 alta,
999 1346 1235 1436 magna
1276 1362 1342 1417 et
1382 1356 1587 1437 firma,
1635 1366 1705 1419 ut
1741 1355 1981 1438 optime
2020 1357 2089 1421 in
2128 1356 2334 1421 ruinis
2372 1372 2645 1419 cernere

310 1461 675 1545 potuimus,
751 1459 834 1523 de
894 1457 1215 1542 lapidibus
1273 1461 1477 1523 sectis
1537 1470 1605 1522 et
1667 1460 1933 1545 quadris
2007 1459 2367 1525 aedificata.
2453 1460 2643 1525 Haec

309 1574 499 1650 porta
571 1574 723 1631 ante
805 1563 1092 1629 civitatis
1176 1563 1655 1646 ampliationem
1722 1585 1853 1649 ‚per
1914 1565 2176 1631 Aelium
2239 1563 2641 1629 Hadrianum

305 1671 548 1737 factam
626 1667 958 1733 dicebatur
1023 1675 1212 1751 porta
1295 1677 1489 1735 vetus
1510 1713 1531 1750 ‚
1593 1671 1750 1753 quia
1814 1670 2025 1734 fuerat
2058 1664 2187 1755 'ibi
2239 1689 2281 1735 a
2355 1679 2644 1752 tempore

306 1775 797 1840 Jebusaeorum.
878 1775 962 1855 Et
1005 1782 1156 1857 post
1197 1773 1534 1839 dicebatur
1572 1783 1762 1856 porta
1794 1775 2175 1858 judiciaria,
2216 1776 2371 1859 quia
2435 1776 2503 1835 in
2565 1790 2646 1835 ea

306 1900 485 1946 more
547 1881 953 1965 antiquorum
1000 1878 1248 1962 judIcia
1300 1879 1713 1961 agitabantur
1732 1925 1753 1964 ,
1832 1887 1901 1943 et
1953 1898 2122 1965 quae
2155 1880 2447 1963 judicata
2517 1881 2646 1941 iam

313 1995 497 2050 erant
539 1994 608 2049 et
651 1987 1043 2049 sententiata
1060 2028 1080 2061 ,
1136 1992 1323 2049 extra
1363 2002 1505 2051 eam
1549 1985 2020 2051 mandabantur
2061 1985 2444 2049 executioni.
2543 1982 2648 2046 De

308 2099 582 2175 utroque
624 2091 898 2155 nomine·
924 2089 1197 2153 habetur
1236 2088 1305 2151 N
1305 2088 1509 2163 οδω.
1548 2090 1610 2154 3.
1656 2090 1798 2154 scil.
1845 2089 1929 2153 de
1967 2099 2157 2173 porta
2186 2091 2394 2154 veteri
2429 2096 2497 2152 et
2533 2086 2647 2170 ju-

315 2194 598 2277 diciaria,
639 2212 806 2278 quae
848 2213 1044 2259 unum
1084 2201 1259 2261 sunt.
1303 2195 1509 2258 Extra
1548 2194 1719 2257 hanc
1758 2202 2011 2278 portam
2053 2193 2291 2259 ductus
2345 2202 2450 2258 est
2502 2192 2647 2256 Do-

314 2300 531 2364 minus
589 2299 831 2381 Jesus‚
873 2314 1168 2379 crucem*
1193 2300 1324 2363 sibi
1375 2296 1672 2382 bajulans
1724 2299 2226 2382 crucifigendus.
2323 2297 2512 2363 Unde
2562 2296 2648 2359 de

211 2436 256 2465 a
308 2402 435 2467 hac
478 2411 662 2485 porta
702 2402 935 2467 dieitur
977 2404 1182 2473 Hebr.
1231 2403 1350 2470 13:
1397 2405 1622 2485 Jesus,
1664 2413 1737 2469 nt
1777 2406 2218 2473 sanctificaret
2280 2422 2399 2488 per
2455 2419 2646 2467 suum

312 2508 698 2591 sanguinem
738 2502 1068 2592 populum,
1110 2518 1294 2574 extra
1335 2517 1586 2593 portam
1630 2526 1869 2593 passus
1908 2520 2032 2574 est.
2112 2511 2448 2572 Exeamus
2489 2524 2648 2592 ergo

310 2600 998 2697 humanniperegrini⁴
981 2615 1066 2679 ad
1109 2633 1257 2678 eum
1302 2623 1487 2683 extra
1526 2620 1798 2699 portam,
1840 2615 2264 2698 imperperam
2303 2614 2450 2697 ejus
2489 2630 2649 2698 por-

312 2724 550 2779 tantes.
635 2714 802 2795 Quis
844 2737 1094 2802 quaeso
1126 2730 1374 2802 portam
1420 2719 1589 2785 hanc
1646 2720 1774 2783 nisi
1798 2728 1961 2783 m
1988 2721 2402 2803 compassiva
2442 2717 2649 2782 devo-
2712 2742 2715 2743 ἢ

314 2821 496 2883 tione
549 2829 765 2903 potest
806 2823 1086 2890 intueri?
1128 2818 1259 2889 mo
1301 2826 1468 2888 enim
1515 2824 2035 2897 eductui-Abel·
2038 2826 2105 2888 in
2150 2842 2377 2909 agrum
2418 2823 2649 2887 Afrem

317 2934 386 2988 ut
427 2927 829 3008 perimatur.
884 2928 1052 2992 Hic
1072 2930 1330 3009 transiit
1382 2930 1587 2993 Jsaac
1653 2948 1799 2993 cum
1863 2930 2101 3014 lignis,
2158 2939 2230 2993 ut
2307 2930 2375 2991 in
2430 2937 2648 2993 monte

311 3030 692 3095 immoletur.
796 3033 952 3101 Hic.
994 3033 1254 3101 videtur
1314 3035 1538 3099 botrus
1610 3034 1678 3098 in
1766 3035 1947 3118 ligno
2036 3042 2349 3118 portatus.
2455 3030 2648 3096 Circa

314 3135 485 3199 bane
526 3153 684 3219 ergo
727 3147 977 3227 portam
1021 3141 1351 3204 orationes
1391 3141 1829 3223 praescriptas
1860 3141 1931 3204 in
1966 3141 2431 3224 processionali
2473 3139 2648 3205 dixi·

317 3258 487 3324 mus,
530 3248 597 3306 et
636 3242 916 3325 genibus
960 3240 1150 3309 flexis
1191 3243 1633 3328 indulgentias
1675 3246 2084 3329 suscepimus
2127 3245 2269 3328 st).

389 3389 509 3465 De
572 3374 918 3469 tabernis⁴
953 3395 1028 3471 in
1077 3394 1199 3473 via
1237 3394 1356 3471 ad·
1379 3404 1691 3471 montem
1743 3374 2156 3491 calvariae,
2201 3397 2276 3471 in
2328 3394 2584 3496 quibus

966 3513 1352 3591 occidendi
1389 3515 2012 3593 ‚refocillabantun

485 3666 829 3765 Progressi
869 3682 1022 3747 inde
1064 3694 1539 3769 consequenter
1609 3683 1912 3748 venimus
1973 3681 2057 3745 ad
2122 3682 2292 3757 loca,
2336 3681 2445 3742 nbi
2485 3688 2654 3742 tum·-

319 3801 477 3869 pore
517 3784 880 3851 eductlonis
925 3787 1167 3853 Christi
1203 3799 1389 3855 erant
1440 3790 1766 3869 tabernae,
1810 3795 1878 3850 et
1921 3786 2182 3870 quando
2224 3794 2429 3849 morte
2469 3783 2655 3869 plec-

321 3889 501 3953 tendi
544 3890 1028 3976 educebantur,
1073 3892 1332 3958 fuerunt
1369 3894 1574 3977 aliqui
1615 3894 1725 3978 ‚pii
1768 3892 2095 3975 homines,
2156 3892 2267 3976 qui
2311 3908 2426 3974 pro
2468 3890 2655 3973 plec-

319 3993 537 4058 tendis
578 3998 805 4059 vinum
847 3996 1211 4082 solvebant,
1241 4008 1308 4061 et.
1351 3997 1624 4071 dabatu’r
1668 3999 1766 4060 eis
1808 3996 1915 4060 hic
1950 3998 2172 4060 bibere
2202 3997 2423 4060 vinum
2469 3995 2655 4077 forte,

315 4108 386 4163 ut
452 4100 746 4167 bibentes
800 4101 1071 4185 jocundi
1145 4091 1415 4186 fierent,
1461 4090 1639 4187 'quia
1708 4098 1940 4164 dicitur
1995 4100 2249 4165 Esdrae
2291 4101 2439 4184 V1.,
2484 4098 2657 4184 quod

311 4206 535 4269 vinum
581 4222 836 4270 omnem
880 4208 1161 4271 mentem
1204 4210 1533 4272 convertit
1585 4207 1658 4268 in
1700 4211 2124 4271 securitatem
2165 4214 2233 4270 et
2277 4204 2656 4290 jocundita-

315 4314 475 4391 tem,
523 4318 586 4372 et
634 4329 759 4373 non
815 4315 1110 4376 meminit
1158 4330 1413 4377 omnem
1477 4308 1779 4393 tristitia,
1840 4320 1905 4375 et
1949 4310 2265 4398 debitum,
2330 4318 2400 4375 et
2442 4312 2653 4375 omnia

317 4414 697 4493 praecordia
741 4414 902 4478 facit
943 4417 1236 4482 honesta.
1320 4416 1428 4479 Ab
1471 4416 1623 4479 hinc
1664 4415 1858 4481 etiam
1922 4414 2207 4574 tuleruiztat
2248 4419 2313 4481 in
2376 4414 2648 4497 scyphis

2214 4514 2247 4552 Φ
