3242 5259
1367 339 1498 410 2⁷8

263 539 306 584 a
347 519 643 586 sommo
705 497 1012 607 optatum
1055 525 1550 609 imputassent,
1579 511 1590 520 ’
1619 538 1684 591 et
1728 509 1951 606 mimis
1980 529 2319 613 impensis
2373 529 2611 600 habitis

265 627 613 690 oratorium
676 630 1079 712 erexissent,
1143 648 1294 696 mox
1338 631 1541 696 rabidi
1573 649 1799 704 -cmoes
1861 631 2207 706 Sarraceni
2261 640 2608 702 oratorium

259 732 658 816 irrumpunt,
701 742 1044 821 totumque
1098 735 1463 799 aedificium
1510 738 1657 802 solo
1699 748 2091 826 coaequant,
2149 741 2379 826 sicque
2417 741 2609 808 hodic

262 841 384 901 est·
409 835 594 901 locus
636 838 808 903 siem
852 858 932 902 eo
974 849 1300 924 tempore,
1345 859 1473 925 quo
1514 843 1669 908 vidi.

263 1100 378 1179 De
427 1101 692 1199 loco,
667 1131 741 1181 m
790 1129 932 1206 quo
974 1105 1059 1186 S.
1086 1108 1443 1188 Matthias
1487 1113 1630 1189 fuit
1673 1115 1842 1194 loco
1876 1109 2194 1192 Judae
2169 1139 2245 1191 m
2271 1116 2604 1298 Aposto-

1038 1229 1187 1308 lma
1230 1232 1542 1312 electus
1563 1245 1797 1315 sorte

417 1428 575 1498 Non
617 1428 813 1515 longe
856 1434 937 1497 ab
981 1434 1091 1499 illo
1116 1436 1262 1501 loco
1301 1437 1718 1520 procedendo
1769 1447 1996 1503 contra
2038 1438 2383 1506 ecclesiam
2406 1438 2589 1524 Syon

255 1533 557 1597 venimus
607 1536 693 1599 ad
740 1536 1024 1622 lapidem
1067 1542 1390 1627 quendam
1437 1544 1744 1621 rubeum,
1798 1544 1907 1610 ubi
1952 1554 2055 1608 est
2095 1544 2316 1628 locus,
2358 1546 2424 1609 in
2472 1564 2599 1630 quo

256 1638 320 1703 b.
365 1638 677 1704 Matthias
719 1641 839 1706 fuit
877 1647 946 1707 in
989 1646 1378 1730 Apostolum
1422 1648 1707 1733 electus,
1747 1657 1823 1713 ut
1863 1650 2141 1714 habetur
2182 1649 2467 1716 Aetnam
2518 1652 2601 1734 1.‚

255 1741 398 1806 loco
438 1744 654 1811 Judae
707 1747 1087 1835 proditoris,
1147 1754 1255 1820 cui
1315 1755 1717 1838 subrogatus
1759 1755 1829 1818 in
1893 1755 2045 1818 hoc.
2080 1754 2226 1817 loco
2296 1756 2433 1820 fuit.
2521 1755 2596 1818 In

255 1848 379 1912 hoc
421 1849 563 1914 loco
615 1855 1083 1935 prostravimus
1147 1876 1270 1921 nos
1318 1859 1386 1922 in
1431 1860 1758 1943 oratione,
1809 1869 1877 1923 et
1915 1858 2355 1942 indulgentias
2398 1877 2599 1928 acoe-

254 1953 466 2035 pimus
508 1955 663 2038 (fl,
708 1975 857 2020 cum
918 1965 1338 2048 praescriptis
1383 1965 1694 2048 canticis,
1739 1972 1807 2027 et
1852 1964 1974 2028 fuit
2016 1965 2205 2046 nobis
2244 1966 2435 2060 locus
2466 1965 2601 2030 iste

254 2061 467 2142 magis
527 2060 805 2152 devotus
865 2072 931 2126 et
985 2065 1417 2152 domesticus,
1469 2089 1548 2134 eo
1615 2069 1790 2153 quod
1852 2085 2110 2138 aarum
2163 2087 2400 2154 corpus
2455 2067 2617 2156 ‘zing-

253 2161 428 2245 apud
471 2181 593 2227 nos
635 2167 702 2228 in
744 2166 1133 2238 Alemannis
1169 2176 1236 2237 in
1275 2175 1542 2240 civitate
1582 2161 1963 2240 'trevirensi
2003 2174 2303 2239 habetur.

253 2431 372 2510 De
421 2430 614 2526 loco,
662 2433 735 2510 in
788 2460 929 2537 quo
954 2437 1282 2518 Jacobus
1327 2443 1554 2521 minor
1600 2444 1738 2524 fuit
1789 2442 2166 2520 ordinatus
2201 2441 2595 2546 episcopus

1091 2561 1147 2640 J
1148 2566 1782 2668 erosolymltanus

421 2721 583 2788 Inde
617 2723 1049 2809 procedentes
1088 2733 1391 2797 venimus
1435 2732 1520 2796 ad
1578 2752 1828 2797 murum
1887 2731 2256 2797 coemeterii
2302 2731 2593 2813 fratrum,

255 2833 324 2888 et
377 2827 446 2890 in
481 2845 670 2900 muro
713 2840 816 2894 est
876 2832 1044 2916 lapis
1101 2835 1289 2902 albus
1351 2855 1499 2901 cum
1561 2839 1881 2920 impressa
1939 2855 2173 2921 cmce,
2236 2847 2303 2900 et
2343 2837 2432 2900 ibi
2484 2844 2615 2908 est..

252 2929 456 3016 lema,
500 2934 569 2996 in
612 2951 739 3018 quo
780 2937 1142 3019 Apostolus
1184 2941 1477 3005 Jacobus
1519 2943 1725 3007 minor
1785 2961 1855 3007 ιιι
1899 2944 2272 3026 episcopum
2314 2943 2591 3007 Jeroso-

251 3032 664 3119 lymitanum
698 3041 821 3104 fuit
863 3043 1112 3109 electus
1155 3055 1222 3109 et
1265 3045 1632 3131 ordinatus,
1696 3058 1762 3112 et
1818 3050 1885 3112 in
1930 3067 2056 3133 quo
2114 3067 2320 3131 pnma
2374 3048 2601 3112 Missa.

248 3142 331 3202 ab
375 3160 453 3205 eo
502 3143 830 3209 celebrata
874 3148 1016 3211 fuit.
1103 3150 1352 3215 Tantae
1395 3154 1566 3216 enim
1617 3155 1991 3219 sanctitatis
2035 3164 2175 3218 erat
2227 3154 2593 3238 Apostolus

245 3243 398 3333 ille,
470 3248 646 3332 quod
739 3250 1046 3335 Apostoli
1115 3256 1244 3319 sibi
1328 3257 1501 3321 bunc
1563 3259 1878 3323 honorem
1943 3259 2371 3326 exhibuerunt
2439 3269 2593 3344 post

250 3354 701 3416 ascensionem
758 3351 1051 3441 Domini,
1119 3368 1193 3423 ut
1232 3362 1475 3447 primus
1516 3364 1686 3428 inter
1724 3383 1839 3428 eos
1899 3364 2177 3430 Missam
2232 3366 2607 3432 celebraret·

246 3471 464 3520 coram
507 3457 885 3544 Apostolis,
943 3469 1016 3524 et
1055 3479 1220 3528 *eum
1275 3468 1647 3550 pontificem
1706 3472 1775 3534 in
1828 3470 2193 3536 seruantem
2238 3461 2615 3544 ordinum-2

246 3569 428 3643 runt,
493 3569 801 3647 tanquam
843 3569 1081 3651 populo
1125 3570 1674 3656 Jerosolymitano
1718 3575 1929 3657 magis
1994 3584 2368 3657 acceptum,
2434 3576 2588 3658 quib

243 3663 428 3728 solus
469 3665 581 3730 ille
622 3679 882 3754 propter
924 3672 1220 3737 eximiam
1266 3677 1675 3741 sanctitatem
1712 3679 2201 3762 permittebatur
2240 3680 2480 3741 intrare
2519 3681 2586 3748 in

243 3777 478 3833 sancta
516 3779 923 3860 sanctorum,
988 3785 1058 3840 et
1101 3778 1322 3842 nullus
1379 3780 1547 3844 alius
1610 3782 1988 3865 Apostolus.
2078 3783 2226 3846 Fuit
2291 3785 2459 3847 enim
2504 3801 2611 3852 ex.

241 3881 427 3938 utero
470 3877 694 3941 matris
736 3890 1007 3946 sanctus
1053 3893 1118 3946 et
1136 3881 1501 3971 Nazarens,
1543 3889 1768 3954 vinum
1815 3897 1879 3951 et
1920 3890 2199 3952 siceram
2236 3908 2365 3953 non
2404 3890 2585 3972 bibit,

247 3994 481 4043 carnes
523 3999 850 4067 nunquam
898 3988 1334 4075 manducavit,
1378 3991 1616 4056 ferrum
1660 3995 1727 4055 in
1769 4002 1965 4075 caput
2006 3995 2149 4057 eins
2184 4011 2315 4059 non
2348 4005 2595 4057 ascen-t

245 4080 377 4166 dit,
441 4083 586 4148 oleo
651 4106 782 4153 non
837 4099 946 4157 est
1015 4103 1287 4180 unctus,
1351 4097 1602 4161 balneis
1668 4115 1797 4160 non
1862 4107 1967 4163 est
2020 4118 2219 4183 usus,
2288 4098 2586 4184 syndone

249 4184 475 4269 (loo
496 4189 604 4274 A)
649 4207 910 4282 semper
946 4198 1234 4270 indutus.
1277 4200 1549 4265 Totiens
1591 4202 1659 4264 in
1708 4205 1999 4270 oratione
2037 4224 2254 4290 genua
2296 4204 2585 4289 flexerat,

246 4300 324 4357 nt
383 4295 590 4361 callos
663 4300 729 4363 in
787 4304 1069 4387 genibus
1127 4306 1303 4369 sicut
1361 4303 1689 4370 calcaneis
1751 4309 2080 4375 videretur
2151 4312 2413 4376 habere.
2497 4310 2585 4373 Et

249 4409 513 4485 propter
553 4403 814 4472 nimiam
859 4407 1010 4491 offas
1044 4411 1451 4478 sanctitatem
1512 4419 1734 4477 tantae
1762 4417 2179 4574 revereiniitsse
2221 4418 2289 4478 in
2340 4414 2581 4498 populo
