3242 5259
1668 330 1795 395 ⁴011

564 518 733 582 sicut
771 511 1033 597 virgula
1069 510 1230 575 fumi
1269 508 1640 593 ”condens
1680 511 1948 595 mlh
1991 521 2056 576 et
2100 502 2410 596 delicata,
2448 510 2729 577 diversis
2768 512 2925 579 iam

565 626 915 687 extenuata
953 615 1337 699 disciplinis,
1379 624 1444 680 et
1487 625 1899 680 concremata
1956 617 2131 681 intus
2172 617 2470 681 incendio
2511 618 2603 700 pii
2642 617 2928 699 amoris,

566 726 638 791 ei
698 743 846 788 cum
909 719 1221 785 ineffabili
1286 719 1605 784 desiderio
1638 720 1877 784 ·tendit
1935 722 2177 785 festiva
2236 722 2320 786 ad
2382 722 2625 787 montis
2687 724 2925 786 saneti
3036 720 3078 777 f

564 829 806 895 Oliveti
827 844 1160 910 cacumen,
1201 823 1377 888 unde
1417 824 1847 889 descenderat
1888 827 2267 910 regrediens
2299 826 2384 892 ad
2416 826 2629 891 lecum
2663 844 2931 893 ascen-

566 932 771 1002 sionis
810 933 1114 1015 Domini,
1177 929 1261 994 ad
1303 948 1496 1014 quem
1573 938 1894 1013 tamquam
1953 933 2081 996 iam
2145 931 2231 996 ad
2287 932 2489 995 fllium
2549 946 2932 1017 ascensura

567 1041 942 1124 migrabats
994 1036 1123 1100 Ubi
1165 1035 1316 1101 dum
1359 1043 1572 1117 esset,
1639 1036 1923 1120 vestigia
1961 1037 2296 1120 praedicta
2335 1038 2584 1103 crebris
2646 1012 2927 1100 demul-

565 1146 762 1234 rebat
800 1141 1045 1208 osculis
1059 1185 1083 1223 ,
1117 1148 1186 1204 et
1225 1157 1401 1204 nnnc
1441 1139 1669 1203 oculos
1718 1158 1893 1205 nunc
1933 1158 2165 1205 manus
2206 1142 2275 1204 in
2315 1141 2568 1206 coelum
2612 1140 2925 1225 levabat,

564 1258 628 1315 et
672 1226 892 1315 multis
933 1245 1193 1331 gaudiis
1233 1244 1325 1308 ibi
1381 1243 1790 1309 afficiebatur
1847 1265 1932 1310 ex
1975 1265 2088 1331 eo,
2133 1245 2307 1330 quod
2347 1247 2438 1311 ibi
2496 1245 2633 1310 mie
2670 1264 2793 1310 suo
2842 1254 2923 1309 et

562 1356 690 1420 sibi
732 1353 1051 1418 maximus
1111 1350 1317 1413 honor
1358 1348 1484 1413 fnit
1545 1350 1907 1435 exhibitus,
1967 1350 2225 1434 quando
2288 1370 2442 1416 caro
2496 1351 2643 1435 illa,
2705 1369 2919 1435 quam

561 1463 706 1545 ipsa
746 1464 1093 1545 genuerat,
1133 1472 1334 1538 super
1374 1474 1602 1535 omnes
1661 1457 1882 1521 coelos
1926 1456 2158 1520 abhinc
2201 1456 2321 1521 fu‘it
2363 1455 2673 1519 exaltata.
2750 1456 2919 1519 noe

510 1540 540 1570 ⁶
565 1566 711 1632 loeo
753 1562 1060 1628 derelicto
1105 1559 1364 1631 domum
1404 1558 1614 1623 redire
1660 1552 2051 1673 'sang-emt,
2108 1570 2175 1624 et
2215 1569 2499 1625 montem
2556 1559 2917 1624 descendit

561 1672 631 1732 in
674 1669 852 1750 loco,
915 1668 984 1730 in
1024 1656 1154 1750 quo
1197 1665 1476 1748 apostoli
1540 1664 1944 1748 symbolum,
2009 1665 2183 1750 quod
2225 1669 2376 1750 ipsa
2415 1683 2532 1729 eos
2592 1665 2915 1728 docuerat

562 1768 1006 1854 condiderunt,
1051 1771 1270 1854 ibique
1325 1769 1655 1854 paululum
1688 1774 1909 1834 stabat
1950 1790 2066 1854 pro
2100 1770 2263 1834 fidei
2285 1760 2643 1835 custoribus
2680 1784 2909 1831 orans.

560 1876 724 1940 Inde
780 1872 1209 1958 progrediens
1251 1872 1356 1939 ad
1427 1864 1697 1939 locum*
1651 1918 1675 1956 ,
1761 1875 1871 1938 ubi
1931 1877 2250 1940 Dominus
2286 1874 2626 1951 docuerat
2692 1871 2943 1937 Pater

563 1988 820 2063 noster,
865 1979 1077 2060 stetit,
1115 1984 1185 2039 et
1225 1976 1406 2041 dicta
1444 1979 1739 2067 oratiope
1779 1978 2008 2047 eadem
2050 1998 2421 2064 progressa,
2464 1981 2533 2044 in
2574 1980 2742 2062 loco,
2785 1978 2908 2041 ubi

561 2094 709 2149 octo
749 2074 1183 2148 beatitudines
1246 2082 1511 2146 fuerunt
1553 2078 2027 2167 'praedicatae,
2088 2086 2335 2177 gratias
2377 2087 2529 2168 egit.
2611 2084 2699 2171 13st
2746 2081 2908 2151 inde

559 2191 627 2255 in
672 2188 884 2257 locum
927 2186 1300 2271 descendit,
1347 2189 1414 2251 in
1477 2205 1606 2272 quo
1672 2185 1984 2252 Christus
2053 2180 2201 2254 cnm
2264 2188 2599 2274 discipulis
2654 2187 2906 2257 sedens

565 2295 870 2361 terribilia
935 2296 1207 2358 extremi
1262 2293 1494 2377 judicii
1559 2296 1659 2359 eis
1727 2294 2078 2380 praedixit,
2142 2303 2213 2358 et
2278 2297 2369 2359 ibi
2422 2294 2718 2359 oratione
2778 2310 2903 2375 pro

561 2400 866 2464 clementi
907 2397 1196 2473 adventu
1231 2401 1391 2480 fufa,
1430 2417 1789 2484 progressa
1826 2399 1911 2464 ad
1954 2399 2113 2467 illud
2155 2396 2546 2465 domicilium
2585 2399 2786 2479 venit,
2828 2398 2903 2460 in

565 2521 692 2586 quo
737 2504 1040 2587 superius
1099 2505 1170 2568 in
1227 2505 1494 2569 exordio
1551 2505 2091 2588 peregrinationis
2146 2504 2560 2568 beatissimae
2598 2488 2901 2589 viginis

559 2608 814 2673 Mariae
874 2606 1010 2672 dixi
1067 2608 1279 2674 fuisse
1350 2609 1565 2674 locum
1620 2621 1784 2674 suae
1836 2609 2238 2693 pausationis
2299 2618 2379 2672 et
2427 2607 2899 2692 respirationis.

559 2714 878 2801 Tempore
941 2715 1114 2777 enim
1172 2715 1349 2777 vitae
1414 2715 1829 2779 beatissimae
1870 2714 2167 2809 Virginis
2225 2714 2477 2777 Mariae
2527 2713 2744 2779 stabat
2807 2710 2902 2774 ibi

561 2816 947 2884 domicilium
962 2864 985 2904 ,
1055 2820 1126 2885 in
1167 2837 1298 2903 quo
1355 2816 1748 2885 habitabant
1801 2819 1953 2889 boni
2013 2837 2333 2903 pauperes
2390 2819 2725 2909 homines,
2785 2815 2903 2901 qui

561 2923 864 2988 videntes
906 2922 1204 2987 sedulum
1244 2924 1524 3007 virginis
1565 2926 1907 2989 transitum
1947 2925 2157 3008 ipsam
2199 2924 2689 3008 invitaverunt,
2715 2930 2788 2986 ιιι
2823 2922 2896 2985 in

507 3048 516 3055 ·
559 3030 788 3121 umbra
828 3026 1074 3092 sedens
1110 3028 1530 3110 refrigerium·
1577 3030 1900 3115 acciperet
1913 3074 1935 3113 ,
1980 3047 2160 3113 quae
2202 3030 2589 3114 frequenter-
2624 3040 2899 3117 egressa

559 3131 838 3214 resedit,
880 3134 1189 3214 pausavit
1262 3142 1330 3197 et
1390 3133 1709 3216 virgineis
1772 3153 1885 3198 ac·-
1912 3133 2233 3225 delicatisg
2266 3135 2575 3207 mombis
2615 3134 2895 3216 quietem

559 3235 807 3298 tribuit·
882 3235 972 3297 Et
1012 3237 1311 3317 quamvis
1355 3257 1448 3300 ex·
1481 3236 1707 3335 labore
1767 3239 1953 3303 fessa·
1994 3249 2061 3303 et
2103 3240 2285 3305 lassa
2339 3259 2479 3331 uoq
2538 3239 2731 3303 fuerit
2744 3282 2766 3321 ‚
2810 3254 2899 3301 ex

558 3338 900 3423 privilegio
913 3384 934 3422 ,
974 3339 1100 3404 hoc
1140 3347 1355 3403 tamen
1397 3338 1806 3424 privilegium
1863 3363 1947 3407 ex
1987 3342 2351 3419 hmilitate
2393 3345 2664 3426 celavit,
2717 3343 2894 3407 sicut

559 3443 970 3528 privilegium
1031 3445 1425 3532 virginitatis
1478 3447 1548 3509 in
1610 3448 2064 3529 purificatione
2078 3495 2098 3536 ,
2166 3460 2234 3515 et
2293 3449 2705 3535 privilegium
2765 3448 2895 3510 im-

557 3551 887 3614 munitatis
935 3569 1001 3627 a
1077 3550 1300 3616 dolore
1377 3552 1445 3616 in
1477 3552 1681 3635 ἐιιίεΤ
1744 3557 2075 3657 extremis.
2124 3554 2300 3640 quod
2370 3557 2566 3622 etiam
2652 3550 2896 3617 celavit

556 3652 952 3721 decumbens
994 3656 1231 3722 lectulo
1267 3667 1346 3722 ut
1383 3657 1667 3741 infirma,
1710 3668 1783 3723 ut
1822 3638 2003 3743 pate't
2042 3660 2475 3731 f01.105.A.
2555 3658 2895 3724 memus

556 3778 713 3842 ergo
755 3761 1044 3847 viribus,
1087 3782 1219 3827 non
1254 3761 1640 3847 deperditis,
1691 3762 1814 3829 sed
1854 3766 2198 3849 suspensis
2240 3766 2309 3833 in
2330 3764 2492 3843 logo
2533 3761 2894 3849 praedicto,

555 3860 892 3928 descendit
935 3866 1019 3930 ad
1061 3869 1297 3932 montis
1340 3866 1595 3934 radices
1636 3870 1705 3932 in
1746 3869 1983 3934 vallem
2000 3915 2021 3953 ,
2074 3869 2275 3941 etribi
2316 3856 2604 3935 visitatis
2663 3866 2895 3951 sepul-

555 3964 729 4031 chris
781 3970 1180 4061 quorundam
1242 3972 1698 4056 prophetarum
1760 3974 1844 4039 ad
1906 3974 2321 4058 sepulchrum
2376 3976 2480 4061 gui
2539 3971 2895 4037 meu-simi

557 4070 784 4159 sponsi
821 4082 888 4137 et
929 4071 1136 4152 (155
1155 4075 1278 4152 A)-
1303 4078 1549 4162 mariti,
1591 4079 1806 4142 sancti
1846 4078 2137 4163 Joseph,
2179 4081 2497 4163 pervenit,
2539 4079 2652 4163 qui
2690 4077 2782 4141 ibi
2820 4076 2890 4142 in

555 4177 870 4262 foramine
908 4187 1135 4262 petrae
1175 4189 1314 4245 erat
1377 4182 1705 4265 sepultus,
1773 4192 1927 4246 ante
1985 4183 2159 4268 quod
2218 4184 2639 4267 sepulchrum
2700 4192 2891 4247 stans

554 4282 833 4349 dulciter
872 4283 1292 4359 afficiebatur.
1398 4286 1560 4351 Inde
1601 4296 1818 4353 autem
1859 4290 2137 4355 transito
2177 4298 2375 4373 ponte
2418 4291 2721 4355 torrentis
2775 4305 2893 4353 re·-

551 4388 847 4455 ascendit
886 4390 956 4455 in
999 4376 1282 4455 montem'
1317 4387 1503 4474 Syon
1518 4436 1542 4474 ,
1600 4393 1713 4458 nbi
1754 4392 1907 4458 dum
1951 4401 2163 4477 esset,
2204 4393 2517 4461 ascendit.
2540 4393 2611 4459 in
2652 4393 2889 4475 locum,
