<?xml version="1.0" encoding="UTF-8"?>
<!DOCTYPE html PUBLIC "-//W3C//DTD XHTML 1.0 Transitional//EN"
    "http://www.w3.org/TR/xhtml1/DTD/xhtml1-transitional.dtd">
<html xmlns="http://www.w3.org/1999/xhtml" xml:lang="en" lang="en">
 <head>
  <title>
</title>
<meta http-equiv="Content-Type" content="text/html;charset=utf-8" />
  <meta name='ocr-system' content='tesseract 3.04.00' />
  <meta name='ocr-capabilities' content='ocr_page ocr_carea ocr_par ocr_line ocrx_word'/>
</head>
<body>
  <div class='ocr_page' id='page_1' title='image "./fratrisfelicisf00unkngoog_0497.png"; bbox 0 0 3242 5259; ppageno 0'>
   <div class='ocr_carea' id='block_1_1' title="bbox 1497 323 1626 391">
    <p class='ocr_par' dir='ltr' id='par_1_1' title="bbox 1497 323 1626 391">
     <span class='ocr_line' id='line_1_1' title="bbox 1497 323 1626 391; baseline -0.016 0"><span class='ocrx_word' id='word_1_1' title='bbox 1497 323 1626 391; x_wconf 72' lang='lat'><strong>4⁸25</strong></span> 
     </span>
    </p>
   </div>
   <div class='ocr_carea' id='block_1_2' title="bbox 377 502 2725 1219">
    <p class='ocr_par' dir='ltr' id='par_1_2' title="bbox 377 502 2725 1219">
     <span class='ocr_line' id='line_1_2' title="bbox 378 502 2720 594; baseline -0.003 -20"><span class='ocrx_word' id='word_1_2' title='bbox 378 516 629 594; x_wconf 83' lang='lat' dir='ltr'><strong>autem,</strong></span> <span class='ocrx_word' id='word_1_3' title='bbox 685 518 835 574; x_wconf 79' lang='lat' dir='ltr'><strong>oum</strong></span> <span class='ocrx_word' id='word_1_4' title='bbox 893 505 1172 573; x_wconf 79' lang='lat' dir='ltr'><strong>vidisset</strong></span> <span class='ocrx_word' id='word_1_5' title='bbox 1224 508 1481 573; x_wconf 76' lang='lat' dir='ltr'><strong>tabulas</strong></span> <span class='ocrx_word' id='word_1_6' title='bbox 1544 521 1971 590; x_wconf 66' lang='lat' dir='ltr'><strong>marmoreas,</strong></span> <span class='ocrx_word' id='word_1_7' title='bbox 2044 504 2281 590; x_wconf 82' lang='lat' dir='ltr'><strong>quibus</strong></span> <span class='ocrx_word' id='word_1_8' title='bbox 2320 502 2607 588; x_wconf 82' lang='lat' dir='ltr'><strong>parietes</strong></span> <span class='ocrx_word' id='word_1_9' title='bbox 2649 510 2720 567; x_wconf 81' lang='lat' dir='ltr'><strong>et</strong></span> 
     </span>
     <span class='ocr_line' id='line_1_3' title="bbox 377 609 2722 702; baseline -0.002 -25"><span class='ocrx_word' id='word_1_10' title='bbox 377 615 753 702; x_wconf 78' lang='lat' dir='ltr'><strong>pavimenta</strong></span> <span class='ocrx_word' id='word_1_11' title='bbox 792 619 982 677; x_wconf 86' lang='lat' dir='ltr'><strong>erant</strong></span> <span class='ocrx_word' id='word_1_12' title='bbox 1024 612 1366 697; x_wconf 67' lang='lat' dir='ltr'><strong>(leonata,</strong></span> <span class='ocrx_word' id='word_1_13' title='bbox 1420 621 1487 676; x_wconf 88' lang='lat' dir='ltr'><strong>et</strong></span> <span class='ocrx_word' id='word_1_14' title='bbox 1525 612 1863 676; x_wconf 69' lang='lat' dir='ltr'><strong>columnus</strong></span> <span class='ocrx_word' id='word_1_15' title='bbox 1904 609 2452 694; x_wconf 80' lang='lat' dir='ltr'><strong>pretiosissimas,</strong></span> <span class='ocrx_word' id='word_1_16' title='bbox 2490 626 2722 692; x_wconf 84' lang='lat' dir='ltr'><strong>-prae-</strong></span> 
     </span>
     <span class='ocr_line' id='line_1_4' title="bbox 381 713 2719 803; baseline -0.003 -20"><span class='ocrx_word' id='word_1_17' title='bbox 381 721 556 803; x_wconf 80' lang='lat' dir='ltr'><strong>oepit</strong></span> <span class='ocrx_word' id='word_1_18' title='bbox 581 719 810 782; x_wconf 72' lang='lat' dir='ltr'><strong>‘omnia</strong></span> <span class='ocrx_word' id='word_1_19' title='bbox 849 717 1085 802; x_wconf 88' lang='lat' dir='ltr'><strong>deponi</strong></span> <span class='ocrx_word' id='word_1_20' title='bbox 1099 763 1121 801; x_wconf 88' lang='lat'>‚</span> <span class='ocrx_word' id='word_1_21' title='bbox 1177 725 1247 780; x_wconf 90' lang='lat' dir='ltr'><strong>ut</strong></span> <span class='ocrx_word' id='word_1_22' title='bbox 1304 736 1382 781; x_wconf 88' lang='lat' dir='ltr'><strong>ea</strong></span> <span class='ocrx_word' id='word_1_23' title='bbox 1424 716 1778 781; x_wconf 72' lang='lat' dir='ltr'><strong>abduceret</strong></span> <span class='ocrx_word' id='word_1_24' title='bbox 1820 713 1905 779; x_wconf 85' lang='lat' dir='ltr'><strong>ad</strong></span> <span class='ocrx_word' id='word_1_25' title='bbox 1948 714 2158 781; x_wconf 81' lang='lat' dir='ltr'><strong>loeurn</strong></span> <span class='ocrx_word' id='word_1_26' title='bbox 2204 715 2330 779; x_wconf 85' lang='lat' dir='ltr'><strong>sibi</strong></span> <span class='ocrx_word' id='word_1_27' title='bbox 2390 713 2719 797; x_wconf 75' lang='lat' dir='ltr'><strong>placitum.</strong></span> 
     </span>
     <span class='ocr_line' id='line_1_5' title="bbox 383 818 2722 907; baseline -0.003 -19"><span class='ocrx_word' id='word_1_28' title='bbox 383 822 555 888; x_wconf 67' lang='lat' dir='ltr'><strong>Hira</strong></span> <span class='ocrx_word' id='word_1_29' title='bbox 609 841 750 907; x_wconf 83' lang='lat' dir='ltr'><strong>res,</strong></span> <span class='ocrx_word' id='word_1_30' title='bbox 824 831 891 886; x_wconf 87' lang='lat' dir='ltr'><strong>et</strong></span> <span class='ocrx_word' id='word_1_31' title='bbox 951 821 1253 888; x_wconf 80' lang='lat' dir='ltr'><strong>fidelibus</strong></span> <span class='ocrx_word' id='word_1_32' title='bbox 1315 820 1817 905; x_wconf 73' lang='lat' dir='ltr'><strong>praedicandum</strong></span> <span class='ocrx_word' id='word_1_33' title='bbox 1878 818 2277 905; x_wconf 78' lang='lat' dir='ltr'><strong>prodigium!</strong></span> <span class='ocrx_word' id='word_1_34' title='bbox 2338 818 2722 883; x_wconf 75' lang='lat' dir='ltr'><strong>Artilieibus</strong></span> 
     </span>
     <span class='ocr_line' id='line_1_6' title="bbox 385 924 2723 1010; baseline -0.003 -17"><span class='ocrx_word' id='word_1_35' title='bbox 385 947 534 993; x_wconf 77' lang='lat' dir='ltr'><strong>eunt</strong></span> <span class='ocrx_word' id='word_1_36' title='bbox 574 927 1022 992; x_wconf 78' lang='lat' dir='ltr'><strong>instrumentis</strong></span> <span class='ocrx_word' id='word_1_37' title='bbox 1061 926 1558 1009; x_wconf 64' lang='lat' dir='ltr'>accedentibus,</span> <span class='ocrx_word' id='word_1_38' title='bbox 1601 934 1674 990; x_wconf 88' lang='lat' dir='ltr'><strong>et</strong></span> <span class='ocrx_word' id='word_1_39' title='bbox 1712 926 2021 1010; x_wconf 80' lang='lat' dir='ltr'><strong>parietem</strong></span> <span class='ocrx_word' id='word_1_40' title='bbox 2059 924 2255 1008; x_wconf 84' lang='lat' dir='ltr'><strong>juxta</strong></span> <span class='ocrx_word' id='word_1_41' title='bbox 2292 924 2552 1007; x_wconf 84' lang='lat' dir='ltr'><strong>ostium,</strong></span> <span class='ocrx_word' id='word_1_42' title='bbox 2591 939 2723 1007; x_wconf 72' lang='lat' dir='ltr'><strong>qno</strong></span> 
     </span>
     <span class='ocr_line' id='line_1_7' title="bbox 377 1020 2723 1117; baseline -0.003 -20"><span class='ocrx_word' id='word_1_43' title='bbox 377 1042 498 1097; x_wconf 79' lang='lat' dir='ltr'><strong>est·</strong></span> <span class='ocrx_word' id='word_1_44' title='bbox 525 1020 868 1117; x_wconf 75' lang='lat' dir='ltr'><strong>ingressus</strong></span> <span class='ocrx_word' id='word_1_45' title='bbox 908 1033 977 1105; x_wconf 84' lang='lat' dir='ltr'><strong>in</strong></span> <span class='ocrx_word' id='word_1_46' title='bbox 1019 1049 1291 1116; x_wconf 74' lang='lat' dir='ltr'><strong>specum</strong></span> <span class='ocrx_word' id='word_1_47' title='bbox 1317 1030 1608 1114; x_wconf 76' lang='lat' dir='ltr'><strong>Domini,</strong></span> <span class='ocrx_word' id='word_1_48' title='bbox 1651 1030 2080 1114; x_wconf 81' lang='lat' dir='ltr'><strong>tangentibus·</strong></span> <span class='ocrx_word' id='word_1_49' title='bbox 2112 1046 2260 1093; x_wconf 84' lang='lat' dir='ltr'><strong>eum</strong></span> <span class='ocrx_word' id='word_1_50' title='bbox 2295 1029 2723 1111; x_wconf 80' lang='lat' dir='ltr'><strong>ferramentis,</strong></span> 
     </span>
     <span class='ocr_line' id='line_1_8' title="bbox 384 1122 2725 1219; baseline -0.003 -19"><span class='ocrx_word' id='word_1_51' title='bbox 384 1141 644 1200; x_wconf 85' lang='lat' dir='ltr'><strong>astante</strong></span> <span class='ocrx_word' id='word_1_52' title='bbox 698 1144 764 1201; x_wconf 88' lang='lat' dir='ltr'><strong>et</strong></span> <span class='ocrx_word' id='word_1_53' title='bbox 826 1137 1102 1202; x_wconf 76' lang='lat' dir='ltr'><strong>vidente</strong></span> <span class='ocrx_word' id='word_1_54' title='bbox 1162 1134 1489 1219; x_wconf 79' lang='lat' dir='ltr'><strong>soldano,</strong></span> <span class='ocrx_word' id='word_1_55' title='bbox 1562 1135 1869 1219; x_wconf 69' lang='lat' dir='ltr'><strong>prosiliit</strong></span> <span class='ocrx_word' id='word_1_56' title='bbox 1906 1134 1993 1199; x_wconf 77' lang='lat' dir='ltr'><strong>&#39;de</strong></span> <span class='ocrx_word' id='word_1_57' title='bbox 2048 1137 2304 1218; x_wconf 82' lang='lat' dir='ltr'><strong>integro</strong></span> <span class='ocrx_word' id='word_1_58' title='bbox 2369 1122 2619 1218; x_wconf 75' lang='lat' dir='ltr'><strong>pariete</strong></span> <span class='ocrx_word' id='word_1_59' title='bbox 2650 1136 2725 1198; x_wconf 80' lang='lat' dir='ltr'><strong>et</strong></span> 
     </span>
    </p>
   </div>
   <div class='ocr_carea' id='block_1_3' title="bbox 384 1238 2888 1326">
    <p class='ocr_par' dir='ltr' id='par_1_3' title="bbox 384 1238 2888 1326">
     <span class='ocr_line' id='line_1_9' title="bbox 384 1238 2888 1326; baseline -0.004 -15"><span class='ocrx_word' id='word_1_60' title='bbox 384 1260 581 1324; x_wconf 69' lang='lat' dir='ltr'><strong>mo,</strong></span> <span class='ocrx_word' id='word_1_61' title='bbox 647 1261 838 1326; x_wconf 81' lang='lat' dir='ltr'><strong>quem</strong></span> <span class='ocrx_word' id='word_1_62' title='bbox 905 1261 1034 1307; x_wconf 85' lang='lat' dir='ltr'><strong>neo</strong></span> <span class='ocrx_word' id='word_1_63' title='bbox 1092 1259 1270 1308; x_wconf 73' lang='lat' dir='ltr'><strong>acus-</strong></span> <span class='ocrx_word' id='word_1_64' title='bbox 1321 1238 1670 1304; x_wconf 73' lang='lat' dir='ltr'><strong>videbatur</strong></span> <span class='ocrx_word' id='word_1_65' title='bbox 1735 1248 2110 1323; x_wconf 79' lang='lat' dir='ltr'><strong>penetrare,</strong></span> <span class='ocrx_word' id='word_1_66' title='bbox 2181 1256 2463 1323; x_wconf 80' lang='lat' dir='ltr'><strong>serpens</strong></span> <span class='ocrx_word' id='word_1_67' title='bbox 2520 1242 2742 1305; x_wconf 81' lang='lat' dir='ltr'><strong>mirae.</strong></span> <span class='ocrx_word' id='word_1_68' title='bbox 2882 1296 2888 1302; x_wconf 94' lang='lat'>.</span> 
     </span>
    </p>
   </div>
   <div class='ocr_carea' id='block_1_4' title="bbox 371 1343 2729 2369">
    <p class='ocr_par' dir='ltr' id='par_1_4' title="bbox 371 1343 2729 2369">
     <span class='ocr_line' id='line_1_10' title="bbox 371 1343 2726 1432; baseline -0.001 -19"><span class='ocrx_word' id='word_1_69' title='bbox 371 1347 882 1432; x_wconf 74' lang='lat' dir='ltr'><strong>magnitudinis,</strong></span> <span class='ocrx_word' id='word_1_70' title='bbox 943 1347 1272 1430; x_wconf 83' lang='lat' dir='ltr'><strong>et-eapite</strong></span> <span class='ocrx_word' id='word_1_71' title='bbox 1340 1346 1584 1409; x_wconf 82' lang='lat' dir='ltr'><strong>reflexo</strong></span> <span class='ocrx_word' id='word_1_72' title='bbox 1650 1343 1738 1408; x_wconf 90' lang='lat' dir='ltr'><strong>ad</strong></span> <span class='ocrx_word' id='word_1_73' title='bbox 1778 1345 2099 1429; x_wconf 80' lang='lat' dir='ltr'><strong>parietem</strong></span> <span class='ocrx_word' id='word_1_74' title='bbox 2156 1344 2417 1408; x_wconf 73' lang='lat' dir='ltr'><strong>tabulae</strong></span> <span class='ocrx_word' id='word_1_75' title='bbox 2477 1349 2726 1430; x_wconf 81' lang='lat' dir='ltr'><strong>primae</strong></span> 
     </span>
     <span class='ocr_line' id='line_1_11' title="bbox 381 1447 2724 1533; baseline -0.001 -17"><span class='ocrx_word' id='word_1_76' title='bbox 381 1470 780 1517; x_wconf 83' lang='lat' dir='ltr'><strong>marmoreae</strong></span> <span class='ocrx_word' id='word_1_77' title='bbox 821 1472 935 1516; x_wconf 90' lang='lat' dir='ltr'><strong>ore</strong></span> <span class='ocrx_word' id='word_1_78' title='bbox 977 1469 1261 1517; x_wconf 87' lang='lat' dir='ltr'><strong>morsum</strong></span> <span class='ocrx_word' id='word_1_79' title='bbox 1308 1447 1520 1531; x_wconf 85' lang='lat' dir='ltr'><strong>dedit,</strong></span> <span class='ocrx_word' id='word_1_80' title='bbox 1566 1457 1637 1513; x_wconf 82' lang='lat' dir='ltr'><strong>et</strong></span> <span class='ocrx_word' id='word_1_81' title='bbox 1677 1450 1874 1533; x_wconf 79' lang='lat' dir='ltr'><strong>ignea</strong></span> <span class='ocrx_word' id='word_1_82' title='bbox 1915 1448 2140 1532; x_wconf 78' lang='lat' dir='ltr'><strong>lingua</strong></span> <span class='ocrx_word' id='word_1_83' title='bbox 2186 1448 2411 1532; x_wconf 74' lang='lat' dir='ltr'><strong>ipsam-</strong></span> <span class='ocrx_word' id='word_1_84' title='bbox 2441 1450 2724 1514; x_wconf 70' lang='lat' dir='ltr'><strong>tabulatu</strong></span> 
     </span>
     <span class='ocr_line' id='line_1_12' title="bbox 385 1553 2726 1640; baseline -0 -20"><span class='ocrx_word' id='word_1_85' title='bbox 385 1554 630 1640; x_wconf 78' lang='lat' dir='ltr'><strong>divisit,</strong></span> <span class='ocrx_word' id='word_1_86' title='bbox 671 1553 870 1638; x_wconf 70' lang='lat'><strong>(181</strong></span> <span class='ocrx_word' id='word_1_87' title='bbox 889 1556 1017 1636; x_wconf 68' lang='lat' dir='ltr'><strong>A)</strong></span> <span class='ocrx_word' id='word_1_88' title='bbox 1061 1575 1105 1619; x_wconf 87' lang='lat' dir='ltr'><strong>a</strong></span> <span class='ocrx_word' id='word_1_89' title='bbox 1141 1573 1275 1640; x_wconf 85' lang='lat' dir='ltr'><strong>qua</strong></span> <span class='ocrx_word' id='word_1_90' title='bbox 1313 1554 1398 1619; x_wconf 82' lang='lat' dir='ltr'><strong>ad</strong></span> <span class='ocrx_word' id='word_1_91' title='bbox 1443 1553 1799 1618; x_wconf 75' lang='lat' dir='ltr'><strong>secundm</strong></span> <span class='ocrx_word' id='word_1_92' title='bbox 1842 1554 2129 1619; x_wconf 83' lang='lat' dir='ltr'><strong>tabulam</strong></span> <span class='ocrx_word' id='word_1_93' title='bbox 2162 1555 2446 1619; x_wconf 63' lang='lat' dir='ltr'><strong>neuun</strong></span> <span class='ocrx_word' id='word_1_94' title='bbox 2486 1573 2726 1638; x_wconf 82' lang='lat' dir='ltr'><strong>repen-</strong></span> 
     </span>
     <span class='ocr_line' id='line_1_13' title="bbox 388 1657 2729 1751; baseline 0 -29"><span class='ocrx_word' id='word_1_95' title='bbox 388 1659 525 1722; x_wconf 86' lang='lat' dir='ltr'><strong>tina</strong></span> <span class='ocrx_word' id='word_1_96' title='bbox 564 1662 934 1743; x_wconf 68' lang='lat' dir='ltr'><strong>sermione,</strong></span> <span class='ocrx_word' id='word_1_97' title='bbox 993 1668 1061 1723; x_wconf 88' lang='lat' dir='ltr'><strong>et</strong></span> <span class='ocrx_word' id='word_1_98' title='bbox 1101 1658 1364 1751; x_wconf 64' lang='lat' dir='ltr'><strong>deinde?</strong></span> <span class='ocrx_word' id='word_1_99' title='bbox 1411 1657 1495 1722; x_wconf 91' lang='lat' dir='ltr'><strong>ad</strong></span> <span class='ocrx_word' id='word_1_100' title='bbox 1538 1659 1796 1721; x_wconf 84' lang='lat' dir='ltr'><strong>tertiam</strong></span> <span class='ocrx_word' id='word_1_101' title='bbox 1839 1668 1907 1723; x_wconf 83' lang='lat' dir='ltr'><strong>et</strong></span> <span class='ocrx_word' id='word_1_102' title='bbox 1962 1659 2046 1723; x_wconf 85' lang='lat' dir='ltr'><strong>ad</strong></span> <span class='ocrx_word' id='word_1_103' title='bbox 2108 1668 2436 1744; x_wconf 80' lang='lat' dir='ltr'><strong>quartam,</strong></span> <span class='ocrx_word' id='word_1_104' title='bbox 2467 1691 2475 1701; x_wconf 94' lang='lat'><em>·</em></span> <span class='ocrx_word' id='word_1_105' title='bbox 2504 1672 2574 1723; x_wconf 86' lang='lat' dir='ltr'><strong>et</strong></span> <span class='ocrx_word' id='word_1_106' title='bbox 2632 1659 2729 1723; x_wconf 87' lang='lat' dir='ltr'><strong>ita</strong></span> 
     </span>
     <span class='ocr_line' id='line_1_14' title="bbox 385 1762 2726 1848; baseline 0 -21"><span class='ocrx_word' id='word_1_107' title='bbox 385 1773 864 1848; x_wconf 69' lang='lat' dir='ltr'><strong>consequenter</strong></span> <span class='ocrx_word' id='word_1_108' title='bbox 927 1783 1052 1848; x_wconf 82' lang='lat' dir='ltr'><strong>-per</strong></span> <span class='ocrx_word' id='word_1_109' title='bbox 1120 1782 1322 1828; x_wconf 80' lang='lat' dir='ltr'><strong>unum</strong></span> <span class='ocrx_word' id='word_1_110' title='bbox 1386 1762 1559 1827; x_wconf 89' lang='lat' dir='ltr'><strong>latus</strong></span> <span class='ocrx_word' id='word_1_111' title='bbox 1611 1764 1967 1847; x_wconf 82' lang='lat' dir='ltr'><strong>prooessit,</strong></span> <span class='ocrx_word' id='word_1_112' title='bbox 2010 1773 2107 1827; x_wconf 65' lang='grc' dir='ltr'><strong>ὀἳ</strong></span> <span class='ocrx_word' id='word_1_113' title='bbox 2171 1783 2399 1829; x_wconf 86' lang='lat' dir='ltr'><strong>omnes</strong></span> <span class='ocrx_word' id='word_1_114' title='bbox 2464 1763 2726 1828; x_wconf 78' lang='lat' dir='ltr'><strong>tabulas</strong></span> 
     </span>
     <span class='ocr_line' id='line_1_15' title="bbox 387 1866 2725 1953; baseline 0.001 -23"><span class='ocrx_word' id='word_1_115' title='bbox 387 1866 643 1952; x_wconf 68' lang='lat' dir='ltr'><strong>divinit,</strong></span> <span class='ocrx_word' id='word_1_116' title='bbox 686 1875 759 1932; x_wconf 80' lang='lat' dir='ltr'><strong>et</strong></span> <span class='ocrx_word' id='word_1_117' title='bbox 797 1870 865 1930; x_wconf 90' lang='lat' dir='ltr'><strong>in</strong></span> <span class='ocrx_word' id='word_1_118' title='bbox 906 1868 1083 1933; x_wconf 89' lang='lat' dir='ltr'><strong>aliud</strong></span> <span class='ocrx_word' id='word_1_119' title='bbox 1124 1869 1298 1933; x_wconf 87' lang='lat' dir='ltr'><strong>latus</strong></span> <span class='ocrx_word' id='word_1_120' title='bbox 1338 1868 1631 1952; x_wconf 77' lang='lat' dir='ltr'><strong>oap‘ellae</strong></span> <span class='ocrx_word' id='word_1_121' title='bbox 1672 1871 1865 1932; x_wconf 83' lang='lat' dir='ltr'><strong>trium</strong></span> <span class='ocrx_word' id='word_1_122' title='bbox 1916 1886 2145 1952; x_wconf 76' lang='lat' dir='ltr'><strong>regum</strong></span> <span class='ocrx_word' id='word_1_123' title='bbox 2200 1869 2502 1953; x_wconf 81' lang='lat' dir='ltr'><strong>saltavit,</strong></span> <span class='ocrx_word' id='word_1_124' title='bbox 2551 1877 2620 1932; x_wconf 84' lang='lat' dir='ltr'><strong>et</strong></span> <span class='ocrx_word' id='word_1_125' title='bbox 2656 1868 2725 1932; x_wconf 85' lang='lat' dir='ltr'><strong>in</strong></span> 
     </span>
     <span class='ocr_line' id='line_1_16' title="bbox 385 1970 2723 2066; baseline -0 -29"><span class='ocrx_word' id='word_1_126' title='bbox 385 1973 778 2058; x_wconf 84' lang='lat' dir='ltr'><strong>politisslmo</strong></span> <span class='ocrx_word' id='word_1_127' title='bbox 844 1975 1129 2058; x_wconf 84' lang='lat' dir='ltr'><strong>pariete,</strong></span> <span class='ocrx_word' id='word_1_128' title='bbox 1186 1974 1255 2037; x_wconf 88' lang='lat' dir='ltr'><strong>in</strong></span> <span class='ocrx_word' id='word_1_129' title='bbox 1325 1974 1468 2057; x_wconf 75' lang='lat' dir='ltr'><strong>quo‘</strong></span> <span class='ocrx_word' id='word_1_130' title='bbox 1498 1990 1621 2036; x_wconf 84' lang='lat' dir='ltr'><strong>neo</strong></span> <span class='ocrx_word' id='word_1_131' title='bbox 1663 1990 1903 2037; x_wconf 86' lang='lat' dir='ltr'><strong>aranea</strong></span> <span class='ocrx_word' id='word_1_132' title='bbox 1942 1974 2152 2057; x_wconf 77' lang='lat' dir='ltr'><strong>figere</strong></span> <span class='ocrx_word' id='word_1_133' title='bbox 2178 1970 2425 2058; x_wconf 79' lang='lat' dir='ltr'><strong>‘pedem</strong></span> <span class='ocrx_word' id='word_1_134' title='bbox 2468 1980 2723 2066; x_wconf 85' lang='lat' dir='ltr'><strong>potest,</strong></span> 
     </span>
     <span class='ocr_line' id='line_1_17' title="bbox 385 2077 2727 2163; baseline 0 -21"><span class='ocrx_word' id='word_1_135' title='bbox 385 2082 698 2160; x_wconf 72' lang='lat' dir='ltr'><strong>cucurrit,</strong></span> <span class='ocrx_word' id='word_1_136' title='bbox 740 2087 808 2142; x_wconf 91' lang='lat' dir='ltr'><strong>et</strong></span> <span class='ocrx_word' id='word_1_137' title='bbox 848 2078 969 2141; x_wconf 64' lang='lat' dir='ltr'><strong>xl,</strong></span> <span class='ocrx_word' id='word_1_138' title='bbox 1010 2077 1271 2143; x_wconf 83' lang='lat' dir='ltr'><strong>tabulas</strong></span> <span class='ocrx_word' id='word_1_139' title='bbox 1309 2096 1429 2162; x_wconf 87' lang='lat' dir='ltr'><strong>per</strong></span> <span class='ocrx_word' id='word_1_140' title='bbox 1470 2079 1752 2153; x_wconf 78' lang='lat' dir='ltr'><strong>medium</strong></span> <span class='ocrx_word' id='word_1_141' title='bbox 1794 2077 2044 2156; x_wconf 72' lang='lat' dir='ltr'><strong>divisit3</strong></span> <span class='ocrx_word' id='word_1_142' title='bbox 2084 2087 2149 2141; x_wconf 90' lang='lat' dir='ltr'><strong>et</strong></span> <span class='ocrx_word' id='word_1_143' title='bbox 2191 2078 2523 2163; x_wconf 68' lang='lat' dir='ltr'><strong>disparuit-</strong></span> <span class='ocrx_word' id='word_1_144' title='bbox 2576 2079 2727 2143; x_wconf 76' lang='lat' dir='ltr'><strong>Hoc</strong></span> 
     </span>
     <span class='ocr_line' id='line_1_18' title="bbox 387 2180 2724 2267; baseline 0.001 -23"><span class='ocrx_word' id='word_1_145' title='bbox 387 2181 697 2244; x_wconf 77' lang='lat' dir='ltr'><strong>miraculo</strong></span> <span class='ocrx_word' id='word_1_146' title='bbox 734 2183 886 2245; x_wconf 83' lang='lat' dir='ltr'><strong>viso</strong></span> <span class='ocrx_word' id='word_1_147' title='bbox 940 2182 1275 2267; x_wconf 71' lang='lat' dir='ltr'><strong>obstupuit</strong></span> <span class='ocrx_word' id='word_1_148' title='bbox 1334 2180 1664 2249; x_wconf 72' lang='lat' dir='ltr'><strong>soldanus</strong></span> <span class='ocrx_word' id='word_1_149' title='bbox 1739 2189 1805 2245; x_wconf 92' lang='lat' dir='ltr'><strong>et</strong></span> <span class='ocrx_word' id='word_1_150' title='bbox 1863 2198 2090 2247; x_wconf 90' lang='lat' dir='ltr'><strong>omnes</strong></span> <span class='ocrx_word' id='word_1_151' title='bbox 2136 2184 2248 2245; x_wconf 84' lang='lat' dir='ltr'><strong>sui</strong></span> <span class='ocrx_word' id='word_1_152' title='bbox 2267 2224 2303 2263; x_wconf 19' lang='grc' dir='ltr'><strong>,Δ</strong></span> <span class='ocrx_word' id='word_1_153' title='bbox 2351 2192 2417 2247; x_wconf 90' lang='lat' dir='ltr'><strong>et</strong></span> <span class='ocrx_word' id='word_1_154' title='bbox 2480 2191 2724 2247; x_wconf 83' lang='lat' dir='ltr'><strong>mutato</strong></span> 
     </span>
     <span class='ocr_line' id='line_1_19' title="bbox 392 2284 2723 2369; baseline 0.001 -22"><span class='ocrx_word' id='word_1_155' title='bbox 392 2284 727 2369; x_wconf 88' lang='lat' dir='ltr'><strong>proposito</strong></span> <span class='ocrx_word' id='word_1_156' title='bbox 791 2302 833 2347; x_wconf 88' lang='lat' dir='ltr'><strong>a</strong></span> <span class='ocrx_word' id='word_1_157' title='bbox 886 2284 1328 2350; x_wconf 71' lang='lat' dir='ltr'><strong>destructione</strong></span> <span class='ocrx_word' id='word_1_158' title='bbox 1387 2293 1816 2349; x_wconf 80' lang='lat' dir='ltr'><strong>eessaverunt</strong></span> <span class='ocrx_word' id='word_1_159' title='bbox 1875 2295 1943 2348; x_wconf 88' lang='lat' dir='ltr'><strong>et</strong></span> <span class='ocrx_word' id='word_1_160' title='bbox 2008 2295 2435 2350; x_wconf 78' lang='lat' dir='ltr'><strong>recesserunt.</strong></span> <span class='ocrx_word' id='word_1_161' title='bbox 2520 2286 2723 2351; x_wconf 85' lang='lat' dir='ltr'><strong>Porro</strong></span> 
     </span>
    </p>
   </div>
   <div class='ocr_carea' id='block_1_5' title="bbox 263 2390 2726 2475">
    <p class='ocr_par' dir='ltr' id='par_1_5' title="bbox 263 2390 2726 2475">
     <span class='ocr_line' id='line_1_20' title="bbox 263 2390 2726 2475; baseline 0.001 -24"><span class='ocrx_word' id='word_1_162' title='bbox 263 2454 274 2463; x_wconf 69' lang='lat'>‚</span> <span class='ocrx_word' id='word_1_163' title='bbox 391 2390 707 2453; x_wconf 85' lang='lat' dir='ltr'><strong>transitus</strong></span> <span class='ocrx_word' id='word_1_164' title='bbox 763 2390 1090 2473; x_wconf 86' lang='lat' dir='ltr'><strong>serpentis</strong></span> <span class='ocrx_word' id='word_1_165' title='bbox 1158 2408 1282 2473; x_wconf 88' lang='lat' dir='ltr'><strong>per</strong></span> <span class='ocrx_word' id='word_1_166' title='bbox 1339 2390 1596 2455; x_wconf 85' lang='lat' dir='ltr'><strong>tabulas</strong></span> <span class='ocrx_word' id='word_1_167' title='bbox 1658 2399 1874 2454; x_wconf 78' lang='lat' dir='ltr'><strong>menet</strong></span> <span class='ocrx_word' id='word_1_168' title='bbox 1930 2404 2143 2475; x_wconf 81' lang='lat' dir='ltr'><strong>usque</strong></span> <span class='ocrx_word' id='word_1_169' title='bbox 2203 2390 2288 2455; x_wconf 77' lang='lat' dir='ltr'><strong>ud</strong></span> <span class='ocrx_word' id='word_1_170' title='bbox 2348 2390 2726 2466; x_wconf 74' lang='lat' dir='ltr'><strong>hodienum</strong></span> 
     </span>
    </p>
   </div>
   <div class='ocr_carea' id='block_1_6' title="bbox 347 2488 2734 4452">
    <p class='ocr_par' dir='ltr' id='par_1_6' title="bbox 385 2488 2732 2890">
     <span class='ocr_line' id='line_1_21' title="bbox 391 2488 2729 2578; baseline 0.003 -21"><span class='ocrx_word' id='word_1_171' title='bbox 391 2493 560 2557; x_wconf 85' lang='lat' dir='ltr'><strong>diem</strong></span> <span class='ocrx_word' id='word_1_172' title='bbox 577 2538 599 2577; x_wconf 87' lang='lat'><em>‚</em></span> <span class='ocrx_word' id='word_1_173' title='bbox 644 2488 725 2557; x_wconf 72' lang='lat' dir='ltr'><strong>ao&#39;</strong></span> <span class='ocrx_word' id='word_1_174' title='bbox 765 2494 825 2557; x_wconf 90' lang='lat' dir='ltr'><strong>si</strong></span> <span class='ocrx_word' id='word_1_175' title='bbox 867 2490 1105 2578; x_wconf 72' lang='lat' dir='ltr'><strong>uliquis</strong></span> <span class='ocrx_word' id='word_1_176' title='bbox 1146 2492 1438 2558; x_wconf 76' lang='lat' dir='ltr'><strong>candens</strong></span> <span class='ocrx_word' id='word_1_177' title='bbox 1493 2496 1733 2559; x_wconf 75' lang='lat' dir='ltr'><strong>ferrum</strong></span> <span class='ocrx_word' id='word_1_178' title='bbox 1776 2494 2101 2578; x_wconf 74' lang='lat' dir='ltr'><strong>lapidibus</strong></span> <span class='ocrx_word' id='word_1_179' title='bbox 2142 2496 2548 2560; x_wconf 75' lang='lat' dir='ltr'><strong>adhibuisset</strong></span> <span class='ocrx_word' id='word_1_180' title='bbox 2588 2494 2729 2565; x_wconf 63' lang='lat' dir='ltr'><strong>fon-</strong></span> 
     </span>
     <span class='ocr_line' id='line_1_22' title="bbox 392 2597 2731 2684; baseline 0.002 -23"><span class='ocrx_word' id='word_1_181' title='bbox 392 2598 541 2662; x_wconf 87' lang='lat' dir='ltr'><strong>titer</strong></span> <span class='ocrx_word' id='word_1_182' title='bbox 599 2604 665 2661; x_wconf 90' lang='lat' dir='ltr'><strong>et</strong></span> <span class='ocrx_word' id='word_1_183' title='bbox 704 2598 831 2681; x_wconf 88' lang='lat' dir='ltr'><strong>ipsi</strong></span> <span class='ocrx_word' id='word_1_184' title='bbox 873 2597 1125 2681; x_wconf 80' lang='lat' dir='ltr'><strong>lapides</strong></span> <span class='ocrx_word' id='word_1_185' title='bbox 1162 2599 1656 2664; x_wconf 77' lang='lat' dir='ltr'><strong>combustibiles</strong></span> <span class='ocrx_word' id='word_1_186' title='bbox 1699 2599 1999 2684; x_wconf 76' lang='lat' dir='ltr'><strong>fuissent,</strong></span> <span class='ocrx_word' id='word_1_187' title='bbox 2042 2600 2214 2665; x_wconf 81' lang='lat' dir='ltr'><strong>sieut</strong></span> <span class='ocrx_word' id='word_1_188' title='bbox 2256 2600 2522 2684; x_wconf 77' lang='lat' dir='ltr'><strong>lignum.</strong></span> <span class='ocrx_word' id='word_1_189' title='bbox 2582 2602 2731 2665; x_wconf 79' lang='lat' dir='ltr'><strong>Eoo</strong></span> 
     </span>
     <span class='ocr_line' id='line_1_23' title="bbox 385 2700 2732 2790; baseline 0.003 -25"><span class='ocrx_word' id='word_1_190' title='bbox 385 2702 755 2785; x_wconf 75' lang='lat' dir='ltr'><strong>vestigium·</strong></span> <span class='ocrx_word' id='word_1_191' title='bbox 816 2700 1108 2766; x_wconf 78' lang='lat' dir='ltr'><strong>miraculi</strong></span> <span class='ocrx_word' id='word_1_192' title='bbox 1171 2701 1599 2768; x_wconf 80' lang='lat' dir='ltr'><strong>libentissime</strong></span> <span class='ocrx_word' id='word_1_193' title='bbox 1669 2703 1809 2768; x_wconf 82' lang='lat' dir='ltr'><strong>vidi</strong></span> <span class='ocrx_word' id='word_1_194' title='bbox 1877 2713 1945 2768; x_wconf 91' lang='lat' dir='ltr'><strong>et</strong></span> <span class='ocrx_word' id='word_1_195' title='bbox 2018 2702 2255 2790; x_wconf 71' lang='lat' dir='ltr'><strong>saepe&#39;</strong></span> <span class='ocrx_word' id='word_1_196' title='bbox 2292 2706 2732 2771; x_wconf 75' lang='lat' dir='ltr'><strong>curiosissime</strong></span> 
     </span>
     <span class='ocr_line' id='line_1_24' title="bbox 391 2807 1298 2890; baseline -0.001 -21"><span class='ocrx_word' id='word_1_197' title='bbox 391 2807 699 2890; x_wconf 76' lang='lat' dir='ltr'><strong>perspexi</strong></span> <span class='ocrx_word' id='word_1_198' title='bbox 739 2823 991 2869; x_wconf 83' lang='lat' dir='ltr'><strong>meeum</strong></span> <span class='ocrx_word' id='word_1_199' title='bbox 1035 2810 1298 2870; x_wconf 81' lang='lat' dir='ltr'><strong>mirans.</strong></span> 
     </span>
    </p>

    <p class='ocr_par' dir='ltr' id='par_1_7' title="bbox 347 2909 2734 4452">
     <span class='ocr_line' id='line_1_25' title="bbox 558 2909 2725 2996; baseline 0.001 -23"><span class='ocrx_word' id='word_1_200' title='bbox 558 2910 719 2973; x_wconf 84' lang='lat' dir='ltr'><strong>Post</strong></span> <span class='ocrx_word' id='word_1_201' title='bbox 763 2909 907 2993; x_wconf 85' lang='lat' dir='ltr'><strong>hoo,</strong></span> <span class='ocrx_word' id='word_1_202' title='bbox 949 2927 1120 2974; x_wconf 90' lang='lat' dir='ltr'><strong>anno</strong></span> <span class='ocrx_word' id='word_1_203' title='bbox 1166 2910 1326 2975; x_wconf 77' lang='lat'><strong>1841</strong></span> <span class='ocrx_word' id='word_1_204' title='bbox 1395 2920 1717 2976; x_wconf 85' lang='lat' dir='ltr'><strong>venerunt</strong></span> <span class='ocrx_word' id='word_1_205' title='bbox 1738 2911 2104 2996; x_wconf 82' lang='lat' dir='ltr'><strong>Sarraeeni,</strong></span> <span class='ocrx_word' id='word_1_206' title='bbox 2130 2914 2316 2979; x_wconf 84' lang='lat' dir='ltr'><strong>missi</strong></span> <span class='ocrx_word' id='word_1_207' title='bbox 2356 2929 2398 2975; x_wconf 90' lang='lat' dir='ltr'><strong>a</strong></span> <span class='ocrx_word' id='word_1_208' title='bbox 2419 2910 2725 2993; x_wconf 77' lang='lat' dir='ltr'><strong>soldano,</strong></span> 
     </span>
     <span class='ocr_line' id='line_1_26' title="bbox 347 2980 2729 3100; baseline 0 -22"><span class='ocrx_word' id='word_1_209' title='bbox 347 3056 352 3061; x_wconf 88' lang='lat'><em>-</em></span> <span class='ocrx_word' id='word_1_210' title='bbox 390 3023 464 3078; x_wconf 87' lang='lat' dir='ltr'><strong>ut</strong></span> <span class='ocrx_word' id='word_1_211' title='bbox 504 3015 803 3079; x_wconf 89' lang='lat' dir='ltr'><strong>tollerent</strong></span> <span class='ocrx_word' id='word_1_212' title='bbox 843 3014 1180 3079; x_wconf 81' lang='lat' dir='ltr'><strong>columnas</strong></span> <span class='ocrx_word' id='word_1_213' title='bbox 1219 2980 1370 3079; x_wconf 72' lang='lat' dir='ltr'><strong>ille’s</strong></span> <span class='ocrx_word' id='word_1_214' title='bbox 1436 3017 1780 3100; x_wconf 82' lang='lat' dir='ltr'><strong>pretiosas.</strong></span> <span class='ocrx_word' id='word_1_215' title='bbox 1864 3015 2000 3081; x_wconf 86' lang='lat' dir='ltr'><strong>Sed</strong></span> <span class='ocrx_word' id='word_1_216' title='bbox 2042 3034 2192 3081; x_wconf 76' lang='lat' dir='ltr'><strong>oum</strong></span> <span class='ocrx_word' id='word_1_217' title='bbox 2247 3034 2477 3081; x_wconf 84' lang='lat' dir='ltr'><strong>manus</strong></span> <span class='ocrx_word' id='word_1_218' title='bbox 2520 3034 2729 3100; x_wconf 78' lang='lat' dir='ltr'><strong>appo-</strong></span> 
     </span>
     <span class='ocr_line' id='line_1_27' title="bbox 374 3120 2727 3205; baseline 0 -23"><span class='ocrx_word' id='word_1_219' title='bbox 374 3124 659 3202; x_wconf 85' lang='lat' dir='ltr'><strong>-nerent,</strong></span> <span class='ocrx_word' id='word_1_220' title='bbox 716 3120 786 3183; x_wconf 87' lang='lat' dir='ltr'><strong>in</strong></span> <span class='ocrx_word' id='word_1_221' title='bbox 842 3127 1091 3183; x_wconf 88' lang='lat' dir='ltr'><strong>tantum</strong></span> <span class='ocrx_word' id='word_1_222' title='bbox 1153 3121 1476 3203; x_wconf 73' lang='lat' dir='ltr'><strong>perterriti</strong></span> <span class='ocrx_word' id='word_1_223' title='bbox 1548 3128 1708 3184; x_wconf 84' lang='lat' dir='ltr'><strong>sunt</strong></span> <span class='ocrx_word' id='word_1_224' title='bbox 1761 3120 2040 3205; x_wconf 81' lang='lat' dir='ltr'><strong>quadam</strong></span> <span class='ocrx_word' id='word_1_225' title='bbox 2109 3121 2395 3190; x_wconf 80' lang='lat' dir='ltr'><strong>horribili</strong></span> <span class='ocrx_word' id='word_1_226' title='bbox 2449 3121 2727 3204; x_wconf 80' lang='lat' dir='ltr'><strong>visione,</strong></span> 
     </span>
     <span class='ocr_line' id='line_1_28' title="bbox 391 3223 2731 3310; baseline 0 -23"><span class='ocrx_word' id='word_1_227' title='bbox 391 3223 566 3307; x_wconf 85' lang='lat' dir='ltr'><strong>quod</strong></span> <span class='ocrx_word' id='word_1_228' title='bbox 609 3224 914 3289; x_wconf 83' lang='lat' dir='ltr'><strong>membris</strong></span> <span class='ocrx_word' id='word_1_229' title='bbox 955 3223 1291 3289; x_wconf 71' lang='lat' dir='ltr'><strong>dissolutis</strong></span> <span class='ocrx_word' id='word_1_230' title='bbox 1334 3224 1492 3290; x_wconf 89' lang='lat' dir='ltr'><strong>nihil</strong></span> <span class='ocrx_word' id='word_1_231' title='bbox 1563 3243 1764 3310; x_wconf 84' lang='lat' dir='ltr'><strong>agere</strong></span> <span class='ocrx_word' id='word_1_232' title='bbox 1804 3234 2101 3310; x_wconf 88' lang='lat' dir='ltr'><strong>poterant</strong></span> <span class='ocrx_word' id='word_1_233' title='bbox 2120 3271 2143 3310; x_wconf 87' lang='lat'><strong>,</strong></span> <span class='ocrx_word' id='word_1_234' title='bbox 2205 3235 2271 3291; x_wconf 90' lang='lat' dir='ltr'><strong>et</strong></span> <span class='ocrx_word' id='word_1_235' title='bbox 2314 3244 2459 3307; x_wconf 82' lang='lat' dir='ltr'><strong>oum</strong></span> <span class='ocrx_word' id='word_1_236' title='bbox 2502 3225 2731 3288; x_wconf 87' lang='lat' dir='ltr'><strong>timore</strong></span> 
     </span>
     <span class='ocr_line' id='line_1_29' title="bbox 396 3327 2728 3415; baseline 0.002 -25"><span class='ocrx_word' id='word_1_237' title='bbox 396 3327 698 3410; x_wconf 73' lang='lat' dir='ltr'><strong>fugerunt</strong></span> <span class='ocrx_word' id='word_1_238' title='bbox 720 3371 742 3409; x_wconf 91' lang='lat'><strong>,</strong></span> <span class='ocrx_word' id='word_1_239' title='bbox 807 3347 934 3392; x_wconf 85' lang='lat' dir='ltr'><strong>neo</strong></span> <span class='ocrx_word' id='word_1_240' title='bbox 972 3346 1206 3393; x_wconf 73' lang='lat' dir='ltr'><strong>manus</strong></span> <span class='ocrx_word' id='word_1_241' title='bbox 1247 3330 1529 3414; x_wconf 69' lang='lat' dir='ltr'><strong>emplius</strong></span> <span class='ocrx_word' id='word_1_242' title='bbox 1570 3348 1904 3415; x_wconf 84' lang='lat' dir='ltr'><strong>apponere</strong></span> <span class='ocrx_word' id='word_1_243' title='bbox 1939 3339 2481 3414; x_wconf 86' lang='lat' dir='ltr'><strong>praesumserunt.</strong></span> <span class='ocrx_word' id='word_1_244' title='bbox 2564 3331 2728 3394; x_wconf 85' lang='lat' dir='ltr'><strong>Post</strong></span> 
     </span>
     <span class='ocr_line' id='line_1_30' title="bbox 395 3420 2730 3521; baseline 0.001 -28"><span class='ocrx_word' id='word_1_245' title='bbox 395 3430 744 3494; x_wconf 77' lang='lat' dir='ltr'><strong>decursum</strong></span> <span class='ocrx_word' id='word_1_246' title='bbox 805 3420 1113 3498; x_wconf 80' lang='lat' dir='ltr'><strong>annorum</strong></span> <span class='ocrx_word' id='word_1_247' title='bbox 1180 3438 1413 3498; x_wconf 85' lang='lat' dir='ltr'><strong>iterum</strong></span> <span class='ocrx_word' id='word_1_248' title='bbox 1472 3435 1731 3520; x_wconf 84' lang='lat' dir='ltr'><strong>quidam</strong></span> <span class='ocrx_word' id='word_1_249' title='bbox 1778 3435 2105 3521; x_wconf 76' lang='lat' dir='ltr'><strong>soldanus</strong></span> <span class='ocrx_word' id='word_1_250' title='bbox 2165 3435 2537 3520; x_wconf 73' lang='lat' dir='ltr'><strong>praecepit,</strong></span> <span class='ocrx_word' id='word_1_251' title='bbox 2597 3452 2730 3497; x_wconf 90' lang='lat' dir='ltr'><strong>non</strong></span> 
     </span>
     <span class='ocr_line' id='line_1_31' title="bbox 371 3518 2730 3623; baseline 0.001 -28"><span class='ocrx_word' id='word_1_252' title='bbox 371 3534 655 3620; x_wconf 78' lang='lat' dir='ltr'><strong>,quidem</strong></span> <span class='ocrx_word' id='word_1_253' title='bbox 699 3536 1043 3601; x_wconf 70' lang='lat' dir='ltr'><strong>ecelesiam</strong></span> <span class='ocrx_word' id='word_1_254' title='bbox 1089 3540 1374 3619; x_wconf 85' lang='lat' dir='ltr'><strong>destrui,</strong></span> <span class='ocrx_word' id='word_1_255' title='bbox 1435 3538 1556 3602; x_wconf 87' lang='lat' dir='ltr'><strong>sed</strong></span> <span class='ocrx_word' id='word_1_256' title='bbox 1597 3546 1676 3601; x_wconf 86' lang='lat' dir='ltr'><strong>ut</strong></span> <span class='ocrx_word' id='word_1_257' title='bbox 1715 3518 1972 3603; x_wconf 82' lang='lat' dir='ltr'><strong>tabulas</strong></span> <span class='ocrx_word' id='word_1_258' title='bbox 2012 3539 2368 3623; x_wconf 83' lang='lat' dir='ltr'><strong>pavimenti</strong></span> <span class='ocrx_word' id='word_1_259' title='bbox 2408 3522 2730 3618; x_wconf 85' lang='lat' dir='ltr'><strong>tollerent,</strong></span> 
     </span>
     <span class='ocr_line' id='line_1_32' title="bbox 395 3639 2730 3733; baseline 0.002 -30"><span class='ocrx_word' id='word_1_260' title='bbox 395 3657 565 3725; x_wconf 81' lang='lat' dir='ltr'><strong>quae</strong></span> <span class='ocrx_word' id='word_1_261' title='bbox 604 3648 758 3704; x_wconf 87' lang='lat' dir='ltr'><strong>sunt</strong></span> <span class='ocrx_word' id='word_1_262' title='bbox 797 3640 866 3704; x_wconf 91' lang='lat' dir='ltr'><strong>in</strong></span> <span class='ocrx_word' id='word_1_263' title='bbox 909 3658 1115 3725; x_wconf 80' lang='lat' dir='ltr'><strong>specu</strong></span> <span class='ocrx_word' id='word_1_264' title='bbox 1153 3642 1516 3706; x_wconf 84' lang='lat' dir='ltr'><strong>nativitatis</strong></span> <span class='ocrx_word' id='word_1_265' title='bbox 1549 3642 1826 3708; x_wconf 84' lang='lat' dir='ltr'><strong>Domini.</strong></span> <span class='ocrx_word' id='word_1_266' title='bbox 1878 3642 2050 3704; x_wconf 81' lang='lat' dir='ltr'><strong>Sunt</strong></span> <span class='ocrx_word' id='word_1_267' title='bbox 2093 3642 2262 3733; x_wconf 74' lang='lat' dir='ltr'><strong>enim</strong></span> <span class='ocrx_word' id='word_1_268' title='bbox 2309 3639 2567 3707; x_wconf 76' lang='lat' dir='ltr'><strong>tabulae</strong></span> <span class='ocrx_word' id='word_1_269' title='bbox 2586 3657 2730 3727; x_wconf 75' lang='lat' dir='ltr'><strong>pa-</strong></span> 
     </span>
     <span class='ocr_line' id='line_1_33' title="bbox 393 3744 2728 3831; baseline 0 -23"><span class='ocrx_word' id='word_1_270' title='bbox 393 3745 664 3808; x_wconf 79' lang='lat' dir='ltr'><strong>vimenti</strong></span> <span class='ocrx_word' id='word_1_271' title='bbox 721 3746 1060 3829; x_wconf 87' lang='lat' dir='ltr'><strong>praesepis</strong></span> <span class='ocrx_word' id='word_1_272' title='bbox 1101 3746 1365 3810; x_wconf 79' lang='lat' dir='ltr'><strong>Domini</strong></span> <span class='ocrx_word' id='word_1_273' title='bbox 1419 3746 1616 3811; x_wconf 84' lang='lat' dir='ltr'><strong>valde</strong></span> <span class='ocrx_word' id='word_1_274' title='bbox 1670 3747 2028 3831; x_wconf 68' lang='lat' dir='ltr'><strong>pretiosae,</strong></span> <span class='ocrx_word' id='word_1_275' title='bbox 2088 3759 2365 3826; x_wconf 77' lang='lat' dir='ltr'><strong>magnae</strong></span> <span class='ocrx_word' id='word_1_276' title='bbox 2419 3753 2488 3807; x_wconf 90' lang='lat' dir='ltr'><strong>et</strong></span> <span class='ocrx_word' id='word_1_277' title='bbox 2538 3744 2728 3827; x_wconf 76' lang='lat' dir='ltr'><strong>latae,</strong></span> 
     </span>
     <span class='ocr_line' id='line_1_34' title="bbox 383 3846 2731 3933; baseline 0.001 -22"><span class='ocrx_word' id='word_1_278' title='bbox 383 3866 527 3913; x_wconf 41' lang='lat' dir='ltr'><strong>‘non</strong></span> <span class='ocrx_word' id='word_1_279' title='bbox 568 3849 830 3912; x_wconf 82' lang='lat' dir='ltr'><strong>omnino</strong></span> <span class='ocrx_word' id='word_1_280' title='bbox 871 3848 1219 3933; x_wconf 65' lang='lat' dir='ltr'><strong>candidae,</strong></span> <span class='ocrx_word' id='word_1_281' title='bbox 1269 3849 1388 3915; x_wconf 89' lang='lat' dir='ltr'><strong>sed</strong></span> <span class='ocrx_word' id='word_1_282' title='bbox 1431 3867 1578 3914; x_wconf 81' lang='lat' dir='ltr'><strong>eum</strong></span> <span class='ocrx_word' id='word_1_283' title='bbox 1622 3849 1908 3913; x_wconf 80' lang='lat' dir='ltr'><strong>candore</strong></span> <span class='ocrx_word' id='word_1_284' title='bbox 1946 3846 2199 3915; x_wconf 75' lang='lat' dir='ltr'><strong>medius</strong></span> <span class='ocrx_word' id='word_1_285' title='bbox 2237 3849 2416 3913; x_wconf 81' lang='lat' dir='ltr'><strong>oolor</strong></span> <span class='ocrx_word' id='word_1_286' title='bbox 2456 3849 2731 3914; x_wconf 83' lang='lat' dir='ltr'><strong>deeora-</strong></span> 
     </span>
     <span class='ocr_line' id='line_1_35' title="bbox 396 3949 2730 4038; baseline 0.002 -23"><span class='ocrx_word' id='word_1_287' title='bbox 396 3952 728 4017; x_wconf 83' lang='lat' dir='ltr'><strong>tivusest</strong></span> <span class='ocrx_word' id='word_1_288' title='bbox 624 3951 1117 4038; x_wconf 83' lang='lat' dir='ltr'><strong>estadmixtns‚</strong></span> <span class='ocrx_word' id='word_1_289' title='bbox 1144 3955 1314 4019; x_wconf 84' lang='lat' dir='ltr'><strong>sieut</strong></span> <span class='ocrx_word' id='word_1_290' title='bbox 1339 3964 1495 4019; x_wconf 86' lang='lat' dir='ltr'><strong>sunt</strong></span> <span class='ocrx_word' id='word_1_291' title='bbox 1519 3954 1731 4037; x_wconf 83' lang='lat' dir='ltr'><strong>pelles</strong></span> <span class='ocrx_word' id='word_1_292' title='bbox 1757 3953 2039 4016; x_wconf 81' lang='lat' dir='ltr'><strong>vehinae</strong></span> <span class='ocrx_word' id='word_1_293' title='bbox 2058 3949 2187 4034; x_wconf 71' lang='grc' dir='ltr'><strong>[η.</strong></span> <span class='ocrx_word' id='word_1_294' title='bbox 2232 3952 2530 4038; x_wconf 81' lang='lat' dir='ltr'><strong>Cumque</strong></span> <span class='ocrx_word' id='word_1_295' title='bbox 2572 3953 2730 4019; x_wconf 81' lang='lat' dir='ltr'><strong>des-</strong></span> 
     </span>
     <span class='ocr_line' id='line_1_36' title="bbox 394 4055 2732 4142; baseline 0 -24"><span class='ocrx_word' id='word_1_296' title='bbox 394 4056 770 4121; x_wconf 75' lang='lat' dir='ltr'><strong>cendissent</strong></span> <span class='ocrx_word' id='word_1_297' title='bbox 812 4058 1470 4141; x_wconf 68' lang='lat' dir='ltr'><strong>euminstrumentis,</strong></span> <span class='ocrx_word' id='word_1_298' title='bbox 1508 4067 1577 4121; x_wconf 88' lang='lat' dir='ltr'><strong>ut</strong></span> <span class='ocrx_word' id='word_1_299' title='bbox 1624 4055 1878 4119; x_wconf 83' lang='lat' dir='ltr'><strong>tabulas</strong></span> <span class='ocrx_word' id='word_1_300' title='bbox 1919 4057 2249 4141; x_wconf 78' lang='lat' dir='ltr'><strong>levarent,</strong></span> <span class='ocrx_word' id='word_1_301' title='bbox 2280 4057 2732 4142; x_wconf 77' lang='lat' dir='ltr'><strong>quodcumque</strong></span> 
     </span>
     <span class='ocr_line' id='line_1_37' title="bbox 396 4159 2734 4248; baseline 0 -26"><span class='ocrx_word' id='word_1_302' title='bbox 396 4159 854 4225; x_wconf 82' lang='lat' dir='ltr'><strong>instrumentis</strong></span> <span class='ocrx_word' id='word_1_303' title='bbox 934 4163 1288 4248; x_wconf 66' lang='lat' dir='ltr'><strong>tetigerunt</strong></span> <span class='ocrx_word' id='word_1_304' title='bbox 1371 4161 1484 4225; x_wconf 83' lang='lat' dir='ltr'><strong>vel</strong></span> <span class='ocrx_word' id='word_1_305' title='bbox 1562 4160 1895 4241; x_wconf 82' lang='lat' dir='ltr'><strong>manibus,</strong></span> <span class='ocrx_word' id='word_1_306' title='bbox 1972 4165 2392 4245; x_wconf 85' lang='lat' dir='ltr'><strong>rumpebatur</strong></span> <span class='ocrx_word' id='word_1_307' title='bbox 2468 4163 2534 4224; x_wconf 89' lang='lat' dir='ltr'><strong>in</strong></span> <span class='ocrx_word' id='word_1_308' title='bbox 2608 4162 2734 4224; x_wconf 82' lang='lat' dir='ltr'><strong>mi-</strong></span> 
     </span>
     <span class='ocr_line' id='line_1_38' title="bbox 399 4262 2731 4348; baseline 0.001 -24"><span class='ocrx_word' id='word_1_309' title='bbox 399 4264 773 4327; x_wconf 75' lang='lat' dir='ltr'><strong>nutissimas</strong></span> <span class='ocrx_word' id='word_1_310' title='bbox 819 4267 1211 4348; x_wconf 75' lang='lat' dir='ltr'><strong>particulas,</strong></span> <span class='ocrx_word' id='word_1_311' title='bbox 1253 4266 1424 4329; x_wconf 82' lang='lat' dir='ltr'><strong>sieut</strong></span> <span class='ocrx_word' id='word_1_312' title='bbox 1469 4265 1715 4347; x_wconf 80' lang='lat' dir='ltr'><strong>lignum</strong></span> <span class='ocrx_word' id='word_1_313' title='bbox 1753 4262 2113 4347; x_wconf 80' lang='lat' dir='ltr'><strong>putridum,</strong></span> <span class='ocrx_word' id='word_1_314' title='bbox 2158 4275 2219 4329; x_wconf 86' lang='lat' dir='ltr'><strong>et</strong></span> <span class='ocrx_word' id='word_1_315' title='bbox 2273 4269 2334 4330; x_wconf 88' lang='lat' dir='ltr'><strong>si</strong></span> <span class='ocrx_word' id='word_1_316' title='bbox 2375 4267 2731 4346; x_wconf 77' lang='lat' dir='ltr'><strong>levassent,</strong></span> 
     </span>
     <span class='ocr_line' id='line_1_39' title="bbox 399 4364 2731 4452; baseline 0.001 -23"><span class='ocrx_word' id='word_1_317' title='bbox 399 4364 557 4429; x_wconf 81' lang='lat' dir='ltr'><strong>nihil</strong></span> <span class='ocrx_word' id='word_1_318' title='bbox 605 4368 705 4431; x_wconf 80' lang='lat' dir='ltr'><strong>eis</strong></span> <span class='ocrx_word' id='word_1_319' title='bbox 745 4369 908 4433; x_wconf 84' lang='lat' dir='ltr'><strong>utile</strong></span> <span class='ocrx_word' id='word_1_320' title='bbox 946 4369 1199 4437; x_wconf 64' lang='lat' dir='ltr'><strong>mmet.</strong></span> <span class='ocrx_word' id='word_1_321' title='bbox 1247 4369 1434 4435; x_wconf 77' lang='lat' dir='ltr'><strong>-Hoe-</strong></span> <span class='ocrx_word' id='word_1_322' title='bbox 1454 4386 1602 4432; x_wconf 81' lang='lat' dir='ltr'><strong>oum</strong></span> <span class='ocrx_word' id='word_1_323' title='bbox 1648 4364 1991 4452; x_wconf 77' lang='lat' dir='ltr'><strong>vidissent,</strong></span> <span class='ocrx_word' id='word_1_324' title='bbox 2037 4369 2412 4434; x_wconf 79' lang='lat' dir='ltr'><strong>dimiserunt</strong></span> <span class='ocrx_word' id='word_1_325' title='bbox 2456 4367 2731 4451; x_wconf 69' lang='lat' dir='ltr'><strong>tabulas,</strong></span> 
     </span>
    </p>
   </div>
  </div>
 </body>
</html>
