3242 5259
1512 360 1637 486 πη

1079 537 1566 686 'rmus
1609 531 2037 686 seui-dus

484 794 891 882 Continens
939 793 1139 871 Acta
1169 792 1745 900 ,Ρειςςι-ἰιιοιιιιιι
1791 791 2078 869 Terrae
2128 790 2452 876 Sanctae
2497 820 2629 916 per

1215 937 1537 990 mensem
1585 913 1889 1014 Majum.
2616 957 2635 970 ·

2732 743 2769 788 ἢ

532 1095 771 1179 Hajus
813 1096 1216 1160 delectabilis
1257 1105 1322 1159 et
1361 1095 1574 1164 laetus
1608 1097 1855 1159 mensis
1896 1095 2020 1157 sub
2063 1094 2269 1177 primo
2315 1095 2421 1160 die
2461 1101 2729 1160 sanctos

368 1201 732 1285 Philippum
775 1210 842 1265 et
879 1202 1202 1266 Jacobum
1245 1201 1612 1300 Apostolos·
1645 1200 1952 1264 colendos
1995 1201 2182 1263 nobis
2248 1201 2540 1268 exhibuit
2579 1217 2727 1264 cum

371 1307 609 1370 devota
654 1307 1046 1370 celebritate.
1127 1306 1400 1370 Summo
1469 1325 1626 1389 ergo
1681 1326 1905 1390 mane,
1962 1324 2111 1371 cum
2159 1305 2418 1373 Domini
2493 1313 2558 1367 et
2618 1302 2728 1366 alil

370 1412 575 1475 nostri
641 1411 806 1476 socli
872 1393 1336 1495 surrexissent,
1392 1430 1600 1494 seque
1657 1410 1740 1474 ad
1799 1410 2198 1474 visitandum
2224 1413 2233 1420 '
2257 1409 2603 1473 ecclesiam
2661 1415 2729 1470 et

370 1515 765 1578 audiendam
839 1516 1119 1579 Missam
1181 1525 1683 1600 praepararent,
1723 1517 2207 1600 interrogabant
2266 1534 2404 1599 me,
2479 1514 2547 1576 in
2599 1530 2728 1596 qua

368 1621 654 1684 ecclesia
708 1619 1013 1683 Officium
1071 1605 1382 1684 ‘divinum
1435 1620 1756 1684 vellemus
1798 1622 1924 1686 hoc
1977 1621 2083 1684 die
2123 1616 2403 1684 audire?
2470 1617 2725 1697 Quibus

369 1724 720 1808 respondi,
773 1742 931 1788 ecce
968 1724 1230 1787 Domini
1273 1726 1339 1787 in
1379 1728 1492 1788 via
1519 1703 1664 1788 *hei
1705 1727 2046 1790 constituti
2101 1743 2325 1789 sumus
2377 1723 2724 1808 peregrini,

368 1829 659 1913 (8621),
707 1848 832 1894 nec
854 1828 1042 1892 docet
1077 1831 1489 1913 peregrinum
1511 1831 1819 1894 otiosum·
1827 1840 2020 1894 stare.
2067 1828 2338 1914 Oportet
2362 1838 2577 1892 autem
2603 1846 2724 1892 nos

365 1933 438 1998 in
476 1933 602 1998 hac
637 1935 796 1997 urbe
855 1933 1070 1997 adhuc
1130 1954 1248 2018 per
1306 1936 1487 1998 illum
1549 1936 1872 2020 integrum
1928 1955 2218 2010 mensem
2268 1952 2551 1998 manere.
2638 1935 2726 1997 Et

372 2039 526 2121 quia
586 2035 963 2103 circumdati
1026 2039 1252 2122 aquis‘
1272 2058 1534 2124 sumus,
1599 2042 1695 2104 ita
1750 2049 1823 2103 ut
1887 2058 2017 2103 non
2067 2049 2288 2124 pateat
2343 2041 2531 2105 nobis
2606 2057 2723 2122 pro

369 2151 588 2206 nostro
634 2144 870 2207 solatio
929 2151 994 2205 et
1051 2163 1167 2240 pro
1232 2143 1620 2212 deductione
1662 2145 1969 2232 temporis
2036 2146 2249 2214 exitus
2314 2144 2398 2209 ad
2462 2141 2724 2208 floridos

369 2246 594 2310 hortos
656 2255 766 2311 aut
809 2233 894 2311 ad
938 2266 1258 2313 amoenas
1288 2268 1600 2334 campos,
1645 2258 1756 2312 aut
1806 2248 1888 2311 ad
1932 2250 2270 2313 umbrosas
2331 2251 2571 2332 silvas,
2614 2257 2727 2310 aut

366 2349 452 2413 ad
494 2351 728 2415 viridia
767 2362 975 2436 prata,
1019 2362 1130 2416 aut
1173 2352 1255 2415 ad
1297 2355 1693 2440 voluptuosa
1749 2353 2057 2416 viridaria
2111 2355 2429 2435 arborum,
2474 2351 2723 2436 florum,

371 2472 668 2518 rosarum
719 2465 787 2518 et
829 2456 1126 2539 liliorum,
1168 2474 1292 2519 nec
1354 2457 1817 2536 venationibus
1869 2475 2108 2520 vacare
2164 2473 2546 2542 possumus,
2600 2474 2727 2520 nec

362 2558 731 2623 hastiludiis
775 2568 891 2623 aut
952 2559 1208 2622 choreis
1285 2561 1604 2623 interesse
1662 2537 1890 2644 decet,
1875 2583 1891 2599 ·
1948 2560 2189 2625 idcirco
2246 2582 2457 2626 meum
2501 2562 2723 2627 consi-

366 2664 526 2727 lium
565 2671 690 2745 est,
735 2672 808 2725 ut
852 2662 1024 2725 omni
1066 2660 1191 2746 die,
1235 2663 1540 2747 quamdiu
1580 2664 1689 2728 hic
1734 2668 2155 2731 consistimus
2172 2711 2194 2750 ,
2246 2668 2729 2749 peregrinemur

365 2767 453 2831 ad
497 2765 777 2868 aliquam
823 2766 1168 2831 ecclesiam
1209 2777 1274 2830 et
1321 2769 1666 2833 visitemus
1708 2789 1978 2855 corpora
2043 2780 2107 2834 et
2149 2779 2603 2846 sanctorumr
2568 2767 2728 2832 reli-

368 2872 580 2957 quias,
618 2890 890 2956 quarum
936 2880 1039 2934 est
1080 2891 1318 2957 magua
1377 2859 1717 2937 multitudo
1770 2878 1839 2939 in
1900 2877 2026 2940 hac
2082 2876 2275 2957 urbe,
2326 2884 2395 2938 ct
2449 2875 2547 2937 sic
2610 2890 2730 2955 per

367 2973 614 3061 Majum
634 2976 815 3041 illum
857 2994 1216 3059 carpamus
1232 2978 1449 3060 flores,
1485 2997 1674 3042 rosas
1719 2991 1787 3044 et
1828 2981 1969 3044 lilia
1990 2984 2343 3063 ,virtutum,
2377 2980 2729 3063 gratiarum

371 3092 440 3146 et
495 3082 1071 3166 indulgentiarum.
1172 3082 1322 3148 Hoc
1394 3079 1611 3147 audito
1704 3083 1950 3167 placuit
2031 3088 2324 3152 omnibus
2387 3084 2728 3148 consilium

369 3171 603 3278 metim,
648 3195 713 3249 et
755 3191 1081 3252 communi
1126 3187 1386 3253 decreto
1432 3189 1820 3254 decrevinus
1842 3236 1864 3275 ‚
1910 3189 2079 3273 quod
2135 3189 2409 3274 singulis
2474 3188 2725 3272 diebus,

370 3289 454 3355 ad
493 3281 778 3377 aliquam
825 3294 1176 3357 ecclesiam
1233 3289 1587 3377 specialem
1626 3298 1943 3388 gavigare
1987 3304 2096 3358 aut
2136 3295 2464 3388 ambulare
2510 3294 2726 3358 velle-

369 3417 557 3482 mus3
602 3408 667 3461 et
703 3401 765 3461 si
800 3417 929 3462 non
972 3415 1198 3461 omnes
1242 3407 1500 3482 semper
1543 3400 1764 3484 simul,
1827 3403 2040 3463 tameni
2097 3399 2298 3484 aliqui
2349 3399 2432 3462 de
2503 3408 2727 3462 nostra

370 3505 684 3567 societate
725 3502 793 3566 id
839 3503 1172 3584 facerent,
1229 3504 1340 3586 qui
1382 3512 1617 3587 postea
1666 3506 1814 3568 visa
1871 3506 2349 3567 remanentibus
2390 3504 2722 3566 referrent.

368 3608 490 3672 Illo
550 3623 705 3692 ergo
754 3609 962 3692 primo
1010 3587 1116 3671 die
1155 3607 1316 3671 Maii
1359 3610 1620 3671 barcam
1676 3597 2101 3672 con'duxim'i'is
2146 3618 2212 3670 et
2254 3607 2336 3671 ad
2381 3609 2724 3672 ecclesiam

367 3723 741 3778 sauctorum
772 3711 1243 3797 Apostolorum
1286 3711 1567 3795 Philippi
1610 3713 1945 3776 eO‘Jacobi
1987 3714 2466 3795 navigavimus,
2509 3713 2726 3796 ibique

369 3819 608 3883 divinis
654 3805 922 3882 Officiis
953 3817 1387 3882 interfuimus.
1426 3818 1587 3882 Post
1617 3815 1921 3880 Officium
1965 3817 2047 3882 ad
2091 3817 2292 3880 altare
2326 3801 2726 3881 acces‘simus

371 3934 438 3987 et
479 3934 676 4007 caput
741 3941 1002 3988 sacrum
1067 3922 1166 3985 St.
1216 3920 1541 4006 Philippi,
1602 3920 1777 4005 quod
1844 3921 1933 3984 ibi
2002 3922 2309 4005 hahetur,
2371 3919 2729 3988 deosc'ulati

371 4047 619 4115 sumus,
659 4039 732 4093 et
764 4026 1213 4092 venerandum
1258 4025 1357 4089 St.
1401 4028 1639 4091 Jacobi
1674 4027 2019 4091 brachium.
2063 4023 2224 4090 Erat
2251 4038 2468 4092 autem
2492 4023 2730 4108 magna

369 4135 697 4200 hominum
740 4134 1155 4217 compressio,
1175 4142 1443 4216 propter
1463 4150 1691 4196 sacras
1734 4131 2041 4216 reliquias
2063 4132 2380 4197 videndas
2422 4133 2497 4194 et'
2529 4131 2730 4194 deos-

372 4238 704 4304 culaudas.
812 4239 1012 4302 Porro
1059 4233 1296 4312 Officio
1362 4240 1704 4304 terminato
1748 4238 2012 4302 defluxit
2054 4215 2355 4325 populns',
2390 4254 2511 4300 nos
2570 4252 2730 4297 vero

375 4341 731 4408 mansimus
796 4361 1141 4427 quousque
1225 4343 1373 4406 sine
1447 4344 1674 4432 populi
1743 4339 2053 4427 pressura¹
2126 4344 2369 4408 meliust
2423 4339 2733 4421 reliquias

375 4447 606 4512 videre
661 4451 727 4512 et
810 4451 1052 4515 nostris
1109 4448 1466 4533 jocalibus,
1525 4467 1698 4533 quae
1765 4452 2172 4538 nommantur
2231 4441 2559 4525 clenodia,
2654 4456 2735 4503 ea

1882 4553 1901 4584 Ι
1932 4555 1963 4580 ιι·
