3242 5259
1646 342 1775 409 us

537 526 1141 597 nos'cautavimust
1184 526 1292 591 hia
1332 542 1651 610 praeseus
1696 525 1882 589 locus
1924 530 2222 591 testatur.
2308 524 2399 587 Et.
2421 524 2543 589 ibi:
2584 527 2668 588 ab
2704 520 2897 589 diem

534 634 771 699 natalis
815 634 929 716 tui,
983 650 1111 696 nos
1152 631 1474 696 diximus:
1521 632 1603 694 ob
1648 629 1860 697 locum
1905 630 2149 694 natalis
2187 629 2289 694 tui
2325 636 2447 694 etc.
2530 629 2697 695 Cum
2744 631 2899 701 isto

536 756 694 825 ergo
751 747 942 801 cantu
982 756 1022 801 a
1061 738 1206 803 loco
1248 736 1541 820 praefato
1594 734 2026 815 discessimus
2082 743 2151 797 et
2188 733 2275 800 ad
2300 735 2499 799 ›chori
2565 736 2892 819 parietem

536 861 654 909 nos
698 845 1157 925 convertimus,
1201 850 1268 904 et
1306 861 1423 925 per
1465 842 1702 904 ostium
1746 840 1946 923 polito
1990 848 2057 902 et
2128 838 2520 903 candissimo
2558 857 2894 907 marmore

535 956 828 1010 ornatum
875 948 1192 1019 initi-‚antes
1224 964 1342 1029 per
1367 944 1659 1011 sedecim
1684 944 1933 1029 gradus
1958 946 2186 1011 subter
2203 944 2467 1011 chorum
2497 942 2563 1009 in
2584 954 2889 1028 cryptam

534 1051 874 1115 obscuram
928 1049 1012 1113 de
1053 1068 1149 1134 se,
1192 1050 1312 1114 sed
1352 1050 1647 1134 pluribus
1689 1048 2089 1134 lampadibus
2131 1047 2550 1114 illuminatam
2595 1049 2890 1113 descen-

534 1153 785 1237 dimus,
871 1153 1153 1239 desuper
1187 1155 1455 1238 jacente
1515 1164 1721 1238 petra,
1780 1156 1901 1218 sub
1962 1172 2094 1239 qua
2155 1163 2349 1219 natus
2416 1164 2519 1218 est
2574 1152 2889 1217 Salvator

533 1258 752 1325 mundi
774 1260 979 1323 Jesus
1005 1259 1329 1325 Clu-istus.
1418 1259 1759 1324 Laudibus
1802 1277 1960 1342 ergo
2003 1259 2425 1343 praescriptis
2444 1258 2668 1343 atritis,
2712 1276 2891 1341 quae

529 1367 605 1428 in
650 1364 1118 1448 processionali
1180 1366 1612 1448 eontinentur,
1679 1366 2079 1429 accessimus
2120 1382 2292 1428 unus
2332 1374 2487 1447 post-
2522 1364 2721 1428 alium
2795 1362 2885 1425 ad

531 1470 735 1535 altare
776 1469 917 1555 ejus
960 1471 1026 1533 in
1069 1470 1285 1553 capite
1323 1470 1716 1555 speluncae,
1755 1478 1827 1533 et
1863 1472 1932 1534 in
1976 1468 2183 1532 facies
2222 1479 2483 1533 nostras
2522 1470 2590 1530 in
2638 1475 2883 1531 terram

530 1573 921 1658 cecidimus,
977 1584 1044 1638 et
1107 1574 1230 1639 sub
1297 1574 1441 1659 ipso
1508 1575 1701 1638 altari
1756 1573 1970 1637 locum
2032 1572 2451 1639 dulcisfimae
2509 1572 2881 1638 nativitatis

532 1678 775 1745 Christi
821 1676 1181 1745 deosculati
1224 1699 1473 1763 sumus,
1519 1682 1587 1745 in
1633 1694 1763 1765 quo
1807 1678 1952 1743 loco
1997 1679 2312 1744 candidus
2354 1698 2632 1743 marmor
2672 1676 2881 1759 jacet,

533 1785 881 1848 artificiose
940 1786 1010 1847 in
1074 1785 1330 1850 modum
1374 1787 1540 1851 solis
1580 1785 1931 1868 formatus,
1984 1784 2141 1868 quia
2197 1785 2304 1848 hic
2368 1793 2549 1848 ortus
2609 1791 2717 1845 est
2770 1780 2877 1843 sol

526 1888 836 1972 justitiae,
878 1898 945 1951 et
968 1889 1076 1953 hic
1093 1890 1526 1974 MariaVirgo
1591 1892 1975 1953 intemerata
2008 1889 2225 1952 lumen
2258 1898 2588 1952 aeternum
2623 1884 2876 1966 effudit,

534 2001 596 2054 et
651 1993 762 2056 hic
827 2011 947 2075 per
1023 1994 1342 2056 incarnati
1389 1995 1576 2057 verbi
1641 1995 2018 2078 mysterium
2082 2012 2259 2058 nova
2321 1995 2556 2056 mentis
2609 1996 2878 2055 nostrae

539 2096 750 2161 oculis
789 2096 903 2163 lux
946 2115 1109 2161 suae
1150 2097 1464 2163 claritatis
1507 2098 1777 2162 infulsit.
1884 2098 2328 2163 Devotisdme
2375 2115 2532 2180 ergo
2589 2105 2657 2158 et
2724 2113 2874 2159 cum

534 2200 868 2284 gaudiosis
934 2203 1239 2287 lacrymis
1302 2211 1458 2266 ante
1515 2202 1796 2287 lapidem
1857 2207 2069 2287 ipsum
2125 2220 2251 2266 nos
2286 2203 2762 2285 prostravimus
2803 2205 2874 2262 et

539 2305 989 2391 adoravimus,
1033 2309 1100 2371 in
1142 2327 1271 2393 quo
1312 2326 1477 2391 puer
1514 2308 1633 2371 ille
1686 2310 1999 2373 mirabilis
2059 2325 2372 2392 egressus
2434 2307 2518 2369 de
2568 2303 2877 2387 virginali

540 2421 724 2476 utero
782 2412 1017 2477 dicitur
1086 2413 1409 2497 jacuisse.
1516 2415 1721 2477 Immo
1792 2412 2262 2497 quodammodo
2334 2410 2621 2475 evidenti
2681 2412 2878 2492 signo

539 2517 845 2598 probatur
906 2519 997 2582 ita
1053 2536 1207 2582 esse
1268 2538 1352 2583 ex
1393 2516 1661 2582 mirifico
1718 2524 1784 2580 et
1827 2516 2193 2582 delectabili
2236 2517 2465 2600 odore,
2530 2534 2719 2600 quem
2761 2513 2877 2577 ille

534 2621 835 2705 percipit,
898 2625 1010 2708 qui
1054 2625 1280 2688 oscula
1319 2622 1516 2708 lapidi
1576 2622 1905 2704 imprimit.
1990 2621 2234 2686 Divina
2273 2640 2553 2705 namque
2611 2637 2720 2684 res
2764 2626 2875 2682 est

539 2726 888 2812 quaedam,
931 2737 999 2792 et
1042 2747 1210 2812 quae
1253 2729 1468 2792 omnia
1504 2734 1787 2809 superet,
1826 2727 2052 2789 suavis
2094 2725 2177 2789 ad
2229 2736 2486 2791 nostros
2508 2742 2747 2789 sensus
2789 2724 2875 2787 ab

542 2830 653 2896 illo
699 2832 842 2896 loco
884 2835 1181 2916 aspirans
1223 2832 1398 2897 odor.
1486 2829 1758 2895 Redolet
1801 2830 1971 2893 enim
2015 2850 2102 2894 ex
2143 2849 2221 2895 eo
2263 2830 2442 2912 loco,
2498 2833 2614 2915 qui
2653 2826 2873 2893 tamen

544 2953 793 3000 vacuus
813 2939 1097 3001 cernitur
1137 2938 1311 3002 omni
1352 2937 1622 3000 materia
1644 2934 1985 3013 odorifera,
2025 2935 2191 3000 adeo
2234 2936 2530 3001 intensus
2571 2931 2748 3017 odor,
2790 2951 2871 2996 ac

540 3040 600 3100 si
657 3049 841 3103 esset
888 3041 1205 3124 apotheca
1249 3048 1640 3124 aromatum,
1681 3049 1945 3123 superat
1987 3048 2203 3104 tamen
2247 3059 2498 3104 omnem
2543 3040 2677 3103 vim
2717 3037 2872 3121 pig-

540 3152 915 3207 mentorum.
999 3145 1146 3207 Nec
1193 3144 1319 3208 hoc
1362 3144 1730 3227 parabolice
1769 3143 1917 3208 dico
1961 3143 2043 3208 ad
2072 3147 2418 3229 mysticum
2452 3144 2868 3224 intellectum,

538 3245 660 3310 sed
699 3248 766 3308 in
793 3250 1065 3311 veritate
1100 3265 1346 3330 assero,
1389 3248 1705 3331 corporali
1727 3265 1928 3312 seusu
1952 3269 2053 3312 me
2084 3251 2182 3313 ita
2209 3252 2585 3333 percepisse
2610 3250 2868 3333 totiens,

537 3352 841 3434 quotiens
901 3369 1006 3414 me
1070 3352 1155 3417 ad
1196 3351 1433 3435 lapidis
1494 3355 1666 3415 sacri
1730 3353 2273 3417 deosculationem
2316 3354 2639 3438 applicavi
2658 3401 2678 3438 ,
2744 3371 2869 3418 uec

537 3459 865 3541 perceptio
905 3456 1016 3520 illa
1053 3466 1154 3520 est
1194 3457 1388 3521 alicui
1427 3457 1799 3541 singularis,
1840 3458 1962 3521 sed
2001 3458 2300 3521 omnibus
2326 3458 2559 3524 ‘locum
2584 3459 2869 3527 deoscu-

538 3561 819 3627 lantibus
859 3561 1050 3627 datur
1089 3564 1253 3626 haec
1310 3562 1526 3645 gratia
1584 3563 1946 3647 generalis,
2006 3566 2206 3627 etiam
2266 3563 2431 3647 ipsis
2499 3563 2867 3627 inlblicibus

538 3663 949 3749 Sari-aconis,
993 3676 1068 3732 ut
1115 3666 1463 3737 manifeste
1509 3676 1942 3751 cognoscant,
1986 3668 2318 3731 mentitum
2361 3668 2865 3751 Machometum,

537 3770 649 3850 qui
689 3770 897 3851 ipsam
952 3789 1207 3835 sacram
1269 3770 1675 3835 nativitatem
1718 3769 1877 3835 dicit
1929 3773 1998 3834 iu
2044 3771 2317 3854 quodam
2372 3773 2516 3845 loco
2573 3773 2865 3838 solitario

535 3875 601 3937 iu
645 3860 848 3939 horto'
870 3876 992 3937 sub
1035 3874 1290 3957 palma,
1360 3876 1431 3938 in
1499 3892 1619 3939 suo
1679 3875 2090 3940 abominabili
2128 3877 2490 3960 Alcorauo,
2545 3887 2616 3940 ut
2670 3876 2864 3939 habet

531 3977 847 4041 Dominus
888 3977 1040 4047 Nic.
1080 3978 1165 4042 de
1208 3977 1365 4043 Cus.
1407 3980 1475 4041 in
1535 3979 1924 4044 cribratione
1965 3979 2294 4061 Alcoraui.
2339 3982 2423 4049 L.
2463 3982 2581 4051 111.
2637 3979 2715 4044 G.
2765 3978 2864 4047 17.

533 4077 684 4144 Non
727 4079 936 4143 solum
980 4091 1196 4145 autem
1237 4082 1434 4165 haec,
1497 4082 1620 4147 sed
1678 4085 1894 4147 omnia
1921 4144 1926 4149 .
1951 4085 2095 4149 loca
2150 4087 2219 4147 in
2272 4068 2864 4168 quibns'nomums

530 4183 732 4247 Jesus
770 4183 943 4246 nudo
986 4168 1255 4268 corp‘ore
1286 4186 1493 4250 fuisse
1522 4187 1781 4271 leg-itur,
1827 4188 1952 4253 hoc
1994 4188 2338 4272 privilegio
2376 4188 2649 4273 fulgent,
2693 4187 2863 4270 quod

531 4288 698 4375 odor·
747 4282 1002 4373 quidam
1072 4287 1283 4352 dulcis
1346 4309 1431 4354 ex
1486 4293 1584 4356 eis
1637 4292 1859 4375 spirat.
1967 4294 2115 4356 Nec
2182 4295 2310 4359 hoc
2371 4294 2601 4357 mirum
2666 4292 2863 4356 alicui

533 4392 742 4456 videri
769 4392 981 4476 debet,
1024 4409 1170 4455 cum
1213 4390 1337 4457 hoc
1379 4392 1552 4458 idem
1593 4394 1891 4479 legamus
1934 4398 2316 4482 contingere
2356 4416 2443 4461 ex
2480 4397 2863 4462 Sanctorum
