3242 5259
1499 339 1617 410 151

379 526 661 613 mabam
715 521 934 609 famen
978 520 1096 591 tuit
1135 537 1214 590 tc.
1256 523 1427 585 sicut
1479 520 1755 588 babetur
1810 522 1922 593 fol.
1962 524 2069 592 31.
2116 528 2189 586 B.
2278 523 2377 588 I'n-
2411 526 2529 616 ¹¹¹⁵..
2562 543 2721 609 ergo

380 632 573 718 galea
615 630 765 694 forti
810 628 1154 694 cona-ine
1193 628 1488 692 sulcabat
1539 648 1751 712 mare,
1790 638 1856 692 et
1896 628 2109 710 ejecta
2151 632 2491 714 longiush
2531 639 2721 715 portu

383 738 729 802 venetiano
790 735 999 818 ipsam
1039 734 1264 798 arbem
1320 751 1362 796 a
1403 742 1587 815 tergo
1648 729 2023 819 habuimus,
2067 755 2110 798 a
2149 756 2278 821 qna
2329 746 2638 821 tanquam
2680 753 2722 799 a

387 860 650 907 carcere
689 841 895 923 erepti
937 840 1256 903 laetantes
1313 841 1745 923 recessimus,
1785 845 1939 924 quia
1979 840 2062 904 ad
2122 843 2492 908 Jerusalem
2537 842 2720 908 desi·-

388 947 686 1011 deranter
725 944 1180 1028 aspiravimus.
1221 946 1335 1007 ··1n
1378 953 1624 1010 tantum
1666 954 1883 1014 autem
1924 950 1997 1012 vi
2033 948 2346 1013 bonorum
2378 959 2720 1014 ventorum

386 1053 576 1115 navis
615 1049 1097 1135 impellebatur,
1150 1050 1324 1134 quod
1371 1051 1544 1115 infra
1599 1054 1882 1136 spatium
1923 1055 2115 1119 trium
2155 1055 2456 1119 horarum
2504 1054 2721 1120 nullos

384 1165 669 1239 montes,
713 1155 955 1220 nullam
1020 1163 1231 1219 terrae
1289 1156 1563 1239 petiam,
1628 1157 1807 1221 nulla
1857 1160 2104 1246 littora,
2166 1159 2410 1223 nullam
2472 1168 2721 1243 partem

386 1265 580 1328 totius
632 1261 798 1325 aridi
852 1260 1081 1324 videre
1135 1271 1535 1348 poteramus,
1600 1266 1852 1330 coelum
1917 1275 1983 1330 et
2036 1282 2243 1348 aquas
2294 1266 2505 1331 solum
2561 1283 2721 1349 prae

382 1369 590 1433 oculis
631 1370 966 1433 habentes.
1049 1366 1243 1429 Adeo
1285 1370 1458 1432 enim
1520 1371 1592 1432 in
1654 1371 1786 1434 alto
1852 1372 2049 1434 maris
2115 1387 2408 1453 eramus,
2474 1372 2546 1433 in
2587 1378 2719 1435 tam

380 1475 562 1537 brevi
605 1474 846 1557 spatio,
890 1470 1062 1555 quod
1121 1473 1315 1535 etiam
1378 1475 1562 1557 ipsas
1622 1475 1975 1542 altissimas
2038 1475 2226 1559 alpes
2285 1478 2717 1562 supergressi,

381 1578 480 1641 eis
537 1576 909 1660 superiores
951 1573 1203 1658 effecti,
1256 1594 1380 1639 nec
1419 1579 1633 1661 ipsas,
1664 1563 1788 1650 'uti
1849 1583 1917 1644 in
1978 1580 2297 1664 profundo
2340 1581 2717 1661 existentes,

377 1680 608 1744 videre
647 1688 1038 1764 poteramus,
1071 1680 1420 1762 objiciente
1457 1700 1536 1744 se
1568 1684 1767 1746 maris
1810 1684 2216 1749 rotunditate.
2260 1688 2466 1749 Extra
2496 1683 2715 1748 mundi

378 1794 597 1849 autem
662 1793 999 1867 aspectum
1075 1784 1267 1867 ejecti
1356 1784 1794 1869 deposuerunt
1877 1788 2118 1871 galeoti
2196 1808 2451 1853 omnem
2525 1791 2716 1852 navis

378 1900 693 1973 ornatum,
736 1908 1011 1972 eamque
1051 1890 1346 1954 ferialem
1389 1892 1686 1957 fecerunt
1725 1902 2023 1977 aptantes
2063 1893 2149 1956 ad
2186 1892 2462 1958 labores.
2514 1893 2715 1955 Porro

379 1995 645 2060 meridie
686 2003 1048 2077 transacto,
1108 2013 1257 2058 cum
1298 1997 1841 2082 comedissemus,
1901 1998 2183 2063 vidimus
2239 1998 2325 2062 ad
2383 1998 2713 2062 sinistrum

375 2100 547 2165 latus
587 2109 815 2163 contra
873 2100 1379 2182 septentrionem
1453 2110 1758 2167 montana
1798 2104 2143 2188 Hystriae,
2228 2123 2400 2189 quae
2440 2112 2545 2167 est
2583 2118 2716 2166 una

379 2205 555 2268 natio
593 2206 965 2288 provinciae
1005 2204 1387 2289 Dalmatiae,
1420 2215 1485 2270 et
1528 2210 1910 2292 optabamus
1946 2209 2014 2273 in
2057 2227 2202 2273 eam
2239 2209 2587 2294 applicare,
2628 2205 2714 2269 ad

377 2319 630 2394 portum
670 2311 1105 2394 parentinum,
1150 2313 1304 2394 quia
1356 2320 1595 2375 ventus
1638 2329 1912 2397 prosper
1968 2313 2254 2377 desierat
2300 2315 2476 2377 flare.
2558 2310 2712 2374 Noa

377 2425 595 2480 autem
636 2425 1005 2499 poteramus
1057 2418 1126 2479 in
1168 2417 1540 2482 Parentiam
1586 2419 1847 2506 venire,
1889 2417 2010 2482 sed
2054 2421 2525 2508 praetergressi
2566 2433 2712 2481 eam

378 2540 626 2603 sumus,
660 2541 788 2585 non
829 2530 1045 2585 tamen
1087 2541 1400 2607 prospera
1434 2519 1869 2606 navigatione.
1914 2523 2158 2608 Sicque
2200 2523 2306 2588 die
2347 2522 2711 2599 deficiente,

379 2626 617 2690 defecit
659 2623 813 2707 (50
835 2627 938 2704 A)
990 2637 1054 2690 et
1095 2636 1369 2710 ventus,
1411 2637 1475 2691 et
1519 2636 1655 2691 tota
1716 2638 1909 2692 nocte
1953 2631 2307 2694 mansimus
2368 2629 2513 2691 sine
2555 2642 2710 2707 pro·-

383 2730 661 2794 l'ectione
700 2732 767 2794 in
808 2732 1088 2795 instabili
1131 2734 1483 2816 agitatione
1525 2742 1589 2795 et
1627 2732 2089 2817 inquietudine.

540 2836 758 2900 'l'ertia
799 2835 903 2899 die
970 2839 1296 2920 aspirante
1337 2839 1484 2902 luce
1561 2838 1776 2902 factus
1833 2847 1937 2902 est
1999 2838 2186 2902 nobis
2237 2843 2475 2901 ventus
2536 2839 2712 2896 totus

379 2943 764 3024 contrarius,
816 2951 881 3004 et
922 2943 1132 3004 coacti
1172 2942 1410 3006 suimus
1459 2961 1581 3006 nos
1622 2952 1883 3008 vertere
1924 2944 2009 3008 ad
2046 2952 2352 3008 montana
2373 2940 2708 3025 Hystriam

377 3055 441 3110 et
484 3063 632 3110 cum
683 3061 920 3128 magno
974 3055 1211 3110 conatu
1268 3049 1621 3131 eripuimus
1694 3066 1930 3112 navem
1984 3066 2026 3111 a
2066 3049 2284 3111 ventis
2347 3044 2709 3128 contrariis,

376 3159 443 3215 et
483 3150 569 3214 ad
603 3160 908 3214 montana
946 3152 1624 3236 appropinquavimus,
1648 3152 2030 3217 inducentes
2072 3171 2306 3217 navem
2344 3155 2414 3218 in
2457 3160 2709 3236 portum

377 3257 782 3320 rubinensem
796 3301 816 3339 ,
890 3256 1142 3320 duobus
1205 3256 1562 3321 miliaribus
1629 3276 1829 3341 supra
1879 3257 2246 3322 Parentiam
2262 3304 2282 3342 ,
2365 3258 2478 3322 ubi
2540 3257 2707 3320 alius

374 3369 687 3445 patronus
733 3379 882 3425 cum
923 3362 1065 3426 suis
1107 3363 1467 3446 peregrinis
1507 3372 1664 3427 erat.
1732 3361 1968 3427 Portus
2012 3371 2226 3428 autem
2265 3363 2379 3426 ille
2410 3361 2710 3425 Rubinae

380 3467 666 3531 civitatis
708 3474 811 3530 est
873 3466 1132 3550 quidem
1173 3468 1626 3551 inconsuetus,
1677 3467 1796 3531 sed
1841 3477 1943 3531 est
2009 3485 2281 3531 securus
2324 3475 2390 3530 et
2428 3466 2705 3550 pinguis.

373 3573 450 3635 In
504 3573 648 3655 ipso
687 3573 869 3636 'vero
935 3573 1128 3656 portui
1189 3574 1511 3655 praestitit
1573 3573 1760 3636 nobis
1824 3581 2134 3657 patronus
2184 3572 2357 3635 hanc
2413 3572 2709 3655 gratiam,

376 3676 549 3761 quod
597 3675 868 3761 prandio
910 3695 1032 3740 nos
1074 3677 1335 3761 refecit,
1375 3680 1526 3763 quia
1563 3679 1728 3758 hora
1765 3667 2017 3760 prandii
2032 3723 2047 3750 ,.
2070 3677 2140 3739 in
2198 3695 2346 3740 eum
2386 3675 2708 3757 venimus,

375 3780 549 3865 quod
590 3789 805 3846 tamen
850 3801 979 3846 non
1022 3784 1390 3865 tenebatur,
1455 3800 1601 3846 cum
1644 3784 1714 3845 in
1756 3769 1939 3846 bono·
1992 3789 2181 3864 portu
2240 3781 2585 3862 fuerimus,
2642 3781 2711 3844 in

374 3903 504 3968 quo
583 3887 804 3954 nobis..
869 3885 1033 3970 ipsis
1106 3888 1546 3970 provisionem
1629 3887 1848 3950 facere
1872 3899 1891 3916 ⁰
1921 3886 2376 3968 potuissemus.
2493 3884 2712 3949 Finito

370 3988 639 4071 prandio
667 3988 1135 4056 descendimus
1199 3990 1281 4054 de
1322 3990 1514 4074 galea
1553 3991 1623 4054 in
1663 3991 1960 4071 barcam,
2004 3997 2070 4052 et
2111 3990 2176 4052 in
2219 3991 2549 4054 civitatem
2588 4004 2711 4052 nos

372 4092 521 4156 duci
566 4093 858 4178 fecimus,
887 4105 954 4159 et
995 4100 1060 4159 ln
1105 4096 1451 4161 ecclesiam
1490 4092 1926 4160 cathedralem
1969 4092 2403 4176 ascendimus,
2449 4100 2712 4156 orantes

370 4191 711 4262 ibi'Deum
754 4209 819 4262 et
859 4199 1169 4264 Sanctam
1215 4201 1575 4263 Ensemiam
1619 4200 1970 4282 virginem,
2016 4216 2186 4281 quae
2226 4197 2315 4260 ibi
2353 4195 2709 4261 honorifice

373 4299 438 4360 in
483 4319 719 4384 magna
749 4304 968 4367 tumba
993 4322 1351 4368 marmorea
1384 4303 1560 4386 jacet
1592 4306 1849 4386 integra
1879 4302 2155 4386 sepulta,
2195 4316 2391 4384 quam
2428 4299 2710 4362 tumbam

376 4403 695 4467 ecclesiae
721 4409 1131 4491 praepositus
1171 4409 1358 4472 nobis
1387 4407 1715 4489 patefecit,
1748 4415 1811 4469 et
1856 4423 2091 4489 corpus
2123 4421 2380 4467 sacrum
2409 4399 2709 4464 ostendit.
