3242 5259
54 4311 84 4362 ἴ

1399 321 1518 386 113

268 509 372 573 sic
413 505 556 570 sale
599 504 962 590 conditum,
1008 514 1415 588 putresceret
1459 505 1635 567 sicut
1679 502 1845 566 aliae
1887 523 2098 587 aquae
2137 505 2472 597 palndtles
2494 552 2515 591 ,
2555 516 2622 571 et

273 615 538 700 quidam
585 611 811 678 foetidi
844 612 1063 674 lacus}
1107 619 1373 693 propter
1405 628 1598 692 quam
1642 626 1906 671 causam
1950 592 2141 674 etiam
2186 612 2406 676 divina
2447 613 2623 680 ordi-

275 721 539 785 natione
581 722 890 783 continue
936 725 1264 800 movetur,
1307 723 1382 778 ut
1425 734 1509 777 ex
1552 731 1676 778 suo
1719 725 1897 779 motu
1937 734 2099 778 suae
2139 718 2545 784 substantiae
2583 739 2624 784 a

275 826 706 909 corruptionis
770 825 930 887 vitio
992 830 1455 904 conservetur,
1515 821 1673 905 quia
1712 839 1798 882 ex
1866 822 2348 886 continuatione
2408 834 2622 889 motus

273 930 641 994 subtiliatur
703 940 766 994 et
813 938 989 993 motu
1044 946 1086 989 a
1122 928 1534 1010 corruptione
1577 935 2025 989 conservatur.
2112 926 2453 992 ordinavit
2498 931 2622 996 hoo

275 1034 447 1100 idem
485 1034 611 1097 Dei
654 1035 1006 1117 sapientia,
1049 1042 1119 1096 ut
1176 1051 1384 1096 naves
1427 1031 1689 1094 l'acilius
1754 1039 2250 1116 transportaret,
2296 1042 2362 1096 et
2403 1036 2620 1103 minus

277 1141 634 1224 periculum
712 1139 1279 1203 transfretantibus
1364 1136 1780 1200 incumberet.
1907 1136 2102 1218 Aqua
2184 1139 2358 1202 enim
2429 1140 2622 1204 ‚salsa

279 1247 480 1311 multo
543 1246 806 1330 gravior
871 1253 939 1308 et
1009 1246 1284 1329 spissior
1356 1241 1562 1322 dulci,
1641 1241 1796 1324 quia
1836 1240 2045 1305 dulcis
2111 1251 2215 1306 est
2291 1244 2503 1308 colata
2556 1254 2626 1319 et

274 1353 638 1416 subtiliata:
681 1351 830 1415 ideo
870 1350 1054 1414 salsa
1094 1351 1302 1433 aptior
1344 1357 1446 1411 est
1489 1347 1572 1410 ad
1615 1345 1998 1430 portandum
2046 1350 2331 1433 navigia.
2403 1350 2621 1436 Saepe

232 1511 237 1516 .
279 1460 453 1523 enim
496 1475 705 1552 naves
741 1458 809 1519 in
855 1457 1042 1541 aquis
1087 1455 1384 1519 dulcibus
1427 1461 1840 1537 merguntur,
1887 1470 2060 1536 quae
2102 1455 2168 1516 in
2214 1457 2374 1519 mari
2419 1442 2650 1540 mergi.

280 1583 411 1626 non
454 1571 760 1646 possent,
802 1562 970 1625 sicut
1012 1570 1191 1644 patet
1234 1560 1317 1623 ad
1359 1561 1658 1643 probam,
1703 1559 1858 1641 quia
1900 1576 2093 1622 ovum
2129 1562 2197 1622 in
2243 1579 2410 1645 aqua
2450 1558 2623 1623 dulci

276 1669 745 1751 submergitur,
806 1670 876 1732 in
927 1667 1109 1731 salsa
1147 1686 1306 1730 vero
1347 1672 1546 1728 natat.
1617 1666 1895 1746 Insuper
1934 1666 2081 1747 ipsa
2121 1667 2318 1729 maris
2357 1666 2622 1733 salsedo

281 1774 568 1837 deservit
609 1773 952 1856 plurimum
993 1772 1319 1837 hominum
1365 1770 1584 1835 saluti.
1656 1768 1732 1831 Si
1776 1770 1945 1833 enim
1988 1788 2167 1834 mare
2209 1781 2388 1836 esset
2430 1781 2623 1855 pota-

282 1879 445 1962 bile,
499 1878 797 1942 homines
851 1897 980 1943 non
1024 1887 1298 1961 possent
1358 1878 1525 1940 bene
1575 1873 1767 1937 salva
1807 1875 1947 1938 vita
1995 1879 2426 1960 pertransire,
2471 1878 2625 1961 quia

284 1993 545 2068 propter
623 1992 877 2047 aestum
952 1984 1113 2047 solis
1182 1993 1337 2045 sunt
1398 1983 1820 2065 navigantes.
1860 1984 2281 2044 communiter
2352 1982 2624 2046 multum

282 2088 612 2170 sitibundi,
638 2097 707 2152 et
748 2097 1008 2172 propter
1047 2089 1303 2151 labores
1347 2089 1667 2169 marinos3
1713 2095 1781 2149 et
1822 2089 1881 2148 si
1924 2088 2236 2150 haberent
2278 2086 2361 2149 ad
2398 2097 2623 2152 votum

281 2213 513 2277 aquam
555 2194 812 2259 dulcem
854 2194 936 2256 ad
977 2193 1364 2279 potandum,
1406 2209 1483 2254 se
1524 2192 1709 2274 ipsos
1751 2192 2209 2255 interimerent.
2276 2191 2430 2254 Ideo
2466 2193 2626 2256 utile

287 2309 389 2363 est
447 2309 512 2362 et
553 2318 672 2382 pro
712 2300 854 2361 vita
884 2298 1466 2378 *fretantiuQ
1501 2295 1673 2378 quod
1715 2313 1894 2358 mare
1939 2297 2186 2361 salsum
2215 2304 2336 2360 est.
2378 2294 2628 2360 Cressa

284 2413 450 2468 enim
498 2418 598 2466 est
646 2426 810 2486 aqua
850 2406 1043 2466 muris
1091 2418 1151 2466 et
1199 2401 1673 2482 ahfflninabilis3
1716 2400 1863 2463 ideo
1906 2402 2165 2483 quando
2207 2402 2517 2483 hauritur,
2560 2410 2628 2464 et.

281 2529 478 2594 supra
514 2522 730 2594 petrus
778 2510 1143 2590 effunditur,
1187 2510 1403 2570 stanni
1448 2505 1715 2571 exsulis
1748 2514 1932 2570 lactu
1974 2508 2041 2570 in
2070 2507 2171 2569 sal
2204 2508 2624 2572 convertitur.

283 2615 350 2677 A
393 2618 718 2678 salsedine
766 2618 874 2674 ills
919 2614 1039 2674 sibi
1087 2612 1486 2675 minuatur-ali
1527 2611 1795 2675 sortitur
1824 2630 2014 2674 suum
2056 2629 2313 2693 nomen,
2340 2620 2403 2673 et
2445 2629 2628 2677 mace

286 2730 550 2802 propter
594 2722 1075 2782 amaritudinem
1123 2718 1367 2778 dicitnr.
1453 2715 1555 2779 De
1598 2717 1728 2780 hoe
1766 2716 1931 2780 mari
1974 2715 2208 2779 dicitur
2261 2715 2490 2779 Amos,
2560 2716 2624 2776 5.

284 2841 353 2886 v.
397 2825 458 2886 8.
543 2822 754 2889 Vocat
815 2824 999 2887 Deus
1041 2840 1249 2906 aquas
1286 2823 1487 2887 maris
1530 2832 1596 2884 et
1642 2819 1916 2884 effundit
1958 2839 2075 2884 eas
2116 2836 2316 2904 snper
2357 2820 2624 2885 terram:

290 2925 505 3009 Super
544 2927 1155 3012 quod-seronymus
1185 2927 1401 3010 [Tomt
1423 2928 1484 2989 6.
1526 2926 1639 2994 fol.
1665 2928 1772 2988 111.
1801 2926 1947 3009 B.]:
1993 2925 2178 2989 Tunc
2196 2924 2376 2989 Deus
2421 2943 2629 3009 aquas

291 3035 484 3098 matis
529 3041 761 3117 vocat,
806 3033 958 3098 dum
997 3035 1145 3116 ipsa
1187 3031 1629 3096 amarissimas
1687 3032 1990 3095 aethereo
2034 3031 2251 3095 calore
2290 3030 2629 3115 suspendit

293 3145 356 3198 et
392 3137 650 3200 excolat
691 3144 758 3199 et
798 3139 1042 3222 eliquat
1083 3140 1148 3201 in
1189 3137 1462 3201 dulcem·
1485 3138 1849 3221 pluviarum
1891 3157 2209 3221 saporem.
2287 3137 2390 3200 De
2432 3138 2629 3202 maris

291 3241 622 3306 salsedine
678 3243 833 3305 vide
886 3246 955 3305 in
1012 3241 1206 3325 Spec.
1263 3243 1420 3311 Nat.
1476 3242 1615 3305 libr.
1673 3243 1790 3306 v1.
1858 3262 1999 3326 cap.
2041 3244 2110 3312 9.
2188 3243 2397 3306 Maris
2458 3259 2630 3324 aqua

293 3345 588 3410 diversas
647 3347 967 3411 contrahit
1011 3346 1389 3430 qualitates,
1460 3346 1634 3429 quod
1676 3347 1777 3410 sic
1821 3349 2159 3431 contingit.
2247 3345 2413 3410 Cum
2457 3347 2629 3410 enim

291 3459 469 3514 terra
514 3470 879 3517 cavernosa
936 3453 1056 3534 sit,
1101 3470 1270 3534 aqua
1311 3451 1621 3515 labilitate
1673 3470 1795 3515 sua
1838 3471 1981 3515 eam
2020 3452 2379 3533 subintrat,
2459 3468 2629 3534 quae

289 3575 406 3639 per
443 3558 853 3621 catheractas
896 3559 1222 3621 transiens
1265 3557 1513 3621 colatur
1554 3566 1621 3620 et
1663 3565 2046 3620 extenuatur
2090 3565 2156 3619 et
2195 3575 2284 3619 ex
2321 3555 2631 3639 qualitate

293 3671 504 3724 terrae
583 3662 883 3725 diversas
957 3663 1280 3726 contrahit
1353 3662 1715 3747 qualitates.
1830 3662 1905 3724 Si
1970 3663 2141 3725 enim
2208 3680 2324 3744 per
2396 3669 2633 3727 terram

292 3782 634 3830 arenosam
676 3778 742 3831 et
784 3767 1140 3850 lapidosam
1173 3769 1423 3849 transit,
1460 3766 1714 3829 dubem
1754 3766 1907 3831 inde
1947 3784 2250 3850 saporem
2292 3765 2632 3847 contrahit,

293 3879 357 3933 et
401 3872 579 3935 clara
621 3889 700 3935 ac
743 3871 904 3935 dura
953 3881 1018 3935 et
1062 3871 1296 3955 frigida
1339 3873 1578 3941 existit.
1637 3870 1712 3934 Si
1754 3891 1873 3954 per
1907 3870 2178 3953 salsam,
2222 3869 2487 3934 salsum.
2557 3868 2634 3936 si

295 3992 412 4057 per
445 3976 742 4040 limosam
784 3987 1043 4062 terram,
1085 3978 1325 4063 vapida
1366 3989 1469 4045 est
1512 3996 1698 4063 aqua.
1745 3975 1819 4039 Si
1857 3995 1972 4058 per
2009 3975 2258 4058 lapides
2300 3975 2633 4058 sulphuris

296 4088 363 4142 et
411 4080 614 4143 calcis
655 4090 767 4145 aut
808 4085 980 4147 aeris
1022 4084 1095 4147 flt
1138 4101 1390 4167 amara,
1427 4083 1486 4146 si
1528 4100 1648 4167 per
1704 4083 1935 4149 foveas
1975 4082 2254 4145 alumine
2294 4080 2528 4164 plenas
2568 4089 2635 4144 et

294 4183 605 4266 sulphure
646 4192 979 4272 percurrit,
1019 4190 1341 4255 fervorem
1382 4198 1448 4250 et
1481 4187 1792 4253 foetorem
1837 4187 1990 4251 inde
2022 4188 2366 4250 contrahit.
2409 4189 2636 4269 ltaque

300 4288 460 4365 (44
472 4289 582 4372 A)
638 4291 830 4374 juxta
897 4293 1162 4359 diversa
1224 4293 1584 4358 accidentia
1660 4303 1904 4377 terrae,
1981 4293 2307 4357 diversam
2364 4292 2637 4371 suscipit

304 4393 700 4476 qualitatem.
785 4398 975 4465 Sicut
1013 4420 1131 4484 pro
1185 4398 1495 4484 qualitate
1554 4409 1895 4463 ventorum
1958 4399 2249 4555 immutsat
2334 4396 2633 4459 colorem.
