3242 5259
390 449 652 511 Patrem
686 443 1086 511 Gan-diam
1102 487 1126 528 ,
1163 453 1232 511 et
1272 442 1531 508 Patrem
1573 444 1846 509 Paulum
1886 443 2344 533 eringium,
2386 455 2453 511 et
2494 454 2741 529 patre-

387 551 816 635 Peregrinum
856 548 1191 633 polanum,
1247 558 1316 613 et
1357 548 1619 615 fratrem
1662 549 2027 614 Johannem
2072 549 2155 613 de
2197 552 2491 636 Emonia,
2535 570 2742 636 expe-

387 655 727 720 rientior-ee
769 663 833 718 et
875 656 1172 743 seniores
1188 697 1212 738 ,
1269 662 1338 717 ct
1387 654 1624 718 fratrea
1673 655 1974 738 antiquos
2029 663 2099 719 et
2136 654 2411 721 devotos
2464 657 2741 722 clericos

387 769 456 824 et
495 776 851 827 conversos
866 805 888 843 ‚
911 758 1051 849 ⁶9¹¹
1093 755 1314 823 nullus
1360 775 1582 823 eorum
1627 768 1881 843 poterat
1919 760 2077 824 mihi
2117 760 2462 845 quiequam
2502 760 2740 846 dicere,

387 874 456 929 et
495 864 766 931 videbar
804 866 938 949 eis,
989 862 1161 948 quod
1205 862 1542 928 delirarem
1557 908 1581 949 ,
1624 882 1964 949 quousque
2002 864 2259 929 ostendi
2301 868 2402 929 eis
2447 864 2740 951 descrip-

385 971 623 1034 tionem
666 970 888 1034 sratris
928 967 1261 1054 Burcardi,
1305 986 1499 1053 quam
1540 987 1795 1033 mecum
1835 970 2052 1055 habui,
2091 979 2160 1035 ot
2198 988 2413 1035 meum
2457 973 2735 1054 primum

387 1078 832 1161 evagatorinm
846 1118 869 1158 ‚
920 1076 989 1139 in
1052 1074 1286 1159 quibus
1327 1075 1685 1140 manifeste
1724 1076 2108 1141 habebatur.
2190 1075 2440 1139 Multos
2482 1075 2740 1141 labores

381 1180 579 1255 habui
620 1198 738 1264 per
776 1186 1062 1242 montem
1110 1178 1530 1244 discurrendo
1580 1190 1650 1245 et
1692 1180 2069 1264 quaerendo
2109 1198 2229 1265 pro
2250 1198 2351 1265 oo,
2387 1179 2561 1265 quod
2590 1198 2739 1244 cer-

357 1293 490 1348 ·tns
534 1301 701 1371 auin,
743 1281 916 1366 quod
945 1281 1346 1366 impossibile
1388 1285 1495 1367 sit,
1537 1293 1790 1368 petram
1832 1285 2009 1349 illam
2043 1303 2086 1349 a
2119 1284 2264 1350 loco
2299 1285 2572 1368 moveri,
2611 1283 2740 1348 nisi

384 1388 789 1461 miraculose.
875 1389 1025 1451 Nec
1064 1396 1218 1452 sunt
1257 1406 1431 1451 nova
1469 1388 1769 1453 aedificia
1806 1391 1896 1455 ibi
1940 1399 2193 1472 erecta,
2237 1400 2302 1454 et
2345 1408 2388 1454 a
2429 1399 2736 1474 tempore,

384 1513 512 1579 quo
553 1496 732 1578 prius
773 1493 933 1578 vidi,
979 1511 1110 1557 non
1150 1492 1477 1555 fluxerunt
1515 1495 1644 1557 nisi
1688 1493 1814 1558 duo
1854 1497 2030 1580 anni,
2073 1503 2145 1559 et
2186 1496 2517 1579 inquietus
2541 1492 2737 1559 hodie

382 1619 525 1664 sum
570 1619 686 1683 pro
727 1598 1092 1682 perditione
1135 1596 1308 1661 illius
1348 1595 1494 1659 loci.
1555 1599 1644 1661 Et
1683 1599 1745 1662 si
1784 1601 2041 1685 sciren,
2091 1601 2355 1664 fratrem
2373 1599 2734 1662 Antonium

387 1704 470 1770 de
501 1703 826 1788 Flaminia,
868 1703 1128 1766 Ordinis
1169 1702 1515 1784 Minoi-um,
1559 1704 1672 1789 qui
1714 1713 1868 1768 tunc
1907 1705 2196 1770 locorum
2238 1714 2539 1769 ostensor
2582 1702 2734 1767 fue-

382 1821 502 1897 rat,
545 1811 654 1876 ubi
697 1807 914 1892 degat,
969 1825 1116 1870 eum
1157 1805 1338 1869 adire
1378 1806 1639 1891 vellem,
1688 1810 1749 1872 oi
1788 1810 2114 1872 licentiam
2163 1809 2404 1873 habere
2445 1824 2731 1892 poqsem,

383 1919 633 1982 etiamsi
682 1917 751 1978 in
792 1911 1038 1995 Anglia
1098 1920 1298 1973 eccet-
1381 1911 1701 1993 Quamvis
1753 1917 1927 1979 enim
1968 1913 2437 1998 Evangelistae
2477 1911 2563 1977 de
2602 1913 2732 1979 hae

380 2031 567 2109 petra
623 2019 785 2084 nihil
829 2017 1080 2100 dicant,
1141 2036 1266 2082 nec
1318 2017 1656 2103 Scriptura
1696 2020 2012 2084 canonica
2066 2019 2463 2084 mentionem
2506 2019 2729 2114 faciat,

380 2130 653 2205 libenter
693 2133 911 2187 tamen
953 2119 1300 2207 vidissem,
1345 2125 1515 2188 sicut
1576 2132 1644 2186 et
1705 2124 1893 2208 plura
1945 2123 2074 2187 alia
2096 2123 2297 2208 loca,
2368 2121 2452 2185 de
2492 2124 2729 2207 quibus

377 2229 842 2314 Evangelistae
884 2244 1014 2288 non
1049 2226 1498 2313 determinant,
1542 2229 1824 2292 vidimus
1862 2238 1926 2291 et
1956 2228 2251 2290 venerati
2291 2243 2539 2292 sumu&
2581 2225 2729 2290 Ne-

380 2336 716 2420 gligentia,
759 2338 966 2396 mator
1005 2329 1384 2417 oblivionis,
1418 2334 1593 2397 hunc
1636 2334 1847 2396 locum
1890 2332 2078 2396 nobis
2114 2331 2402 2396 abstulit.
2458 2331 2728 2394 Verun-

379 2449 598 2505 tamen
637 2438 792 2503 mihi
836 2437 1092 2500 auferre
1129 2454 1259 2501 non
1297 2439 1542 2523 potnit,
1585 2439 1744 2521 quin
1798 2437 2009 2501 locum
2051 2437 2267 2520 ipsum
2305 2433 2611 2520 viderim,
2658 2444 2727 2499 et

376 2544 521 2629 ejus
579 2546 869 2628 speciem
935 2550 1260 2606 recentem
1322 2541 1496 2626 apud
1550 2561 1658 2606 me
1713 2543 2004 2607 habeam.
2090 2540 2321 2605 Simile
2360 2540 2723 2624 prodigium

378 2651 609 2715 recitat
649 2648 1045 2711 venerabilis
1094 2646 1276 2711 Beda
1329 2649 1693 2732 contigisse
1745 2649 1815 2711 in
1856 2647 2227 2728 Nazareth,
2291 2648 2467 2709 circa
2507 2646 2721 2709 locum

377 2752 925 2839 praecipitationis
968 2750 1248 2836 Christi,
1291 2750 1375 2815 de
1417 2771 1545 2837 quo
1588 2751 1863 2817 habetur
1900 2753 2124 2815 Lucae
2165 2754 2227 2818 4.
2315 2749 2504 2814 Unde
2543 2748 2722 2832 dicit,

377 2857 551 2944 quod
593 2875 738 2921 cum
777 2857 1095 2922 Dominus
1139 2857 1223 2920 de
1260 2859 1559 2921 manibus
1599 2857 1995 2920 Judaeorum
2039 2855 2303 2941 elapsus
2347 2844 2432 2918 de
2469 2855 2722 2917 vertice

378 2964 617 3025 montis
660 2961 1085 3026 descenderet
1121 2970 1188 3025 et
1226 2962 1353 3025 sub
1393 2981 1552 3047 rupe
1595 2962 1801 3025 latere
1831 2961 2069 3043 vellet,
2114 2961 2331 3024 subito
2364 2959 2448 3023 ad
2479 2967 2723 3023 tactum

378 3067 736 3132 dominicae
776 3069 985 3131 vestis
1027 3084 1262 3131 saxum
1300 3064 1459 3131 illud
1500 3066 1912 3151 subterfugit,
1954 3075 2020 3130 et
2062 3066 2268 3129 instar
2309 3082 2501 3128 cerae
2539 3064 2724 3128 solu-

374 3181 483 3236 tae
546 3170 865 3255 quendam
903 3173 1116 3235 sinum
1164 3170 1407 3256 effecit,
1449 3173 1490 3234 i.
1537 3191 1594 3234 e.
1641 3173 2135 3255 concavitatem,
2175 3172 2242 3235 in
2279 3189 2410 3253 qua
2443 3169 2721 3235 domini-

376 3296 526 3342 cum
567 3294 805 3361 corpus
847 3276 1264 3359 reciperetur,
1306 3276 1372 3340 in
1416 3294 1546 3360 quo
1590 3275 1734 3340 loco
1763 3277 1978 3340 omnia
2002 3275 2393 3341 lineamenta
2427 3282 2497 3336 et
2517 3292 2725 3358 rugae

375 3381 486 3447 vel
546 3382 758 3466 plicae
809 3384 1023 3447 vestis
1077 3390 1144 3445 et
1195 3382 1478 3465 vestigia
1528 3381 1805 3465 pedum*
1822 3379 1890 3445 in
1931 3399 2091 3464 rupe
2132 3388 2443 3465 apparent
2487 3377 2718 3462 adhuc,

371 3491 546 3555 sicut
617 3495 940 3551 testantur
1013 3486 1117 3569 hi,
1172 3486 1287 3568 qui
1336 3485 1659 3549 viderunt.
1744 3489 1931 3551 Haec
1984 3486 2166 3569 Lyra
2209 3485 2292 3555 fr.
2343 3483 2428 3548 id.
2512 3484 2719 3549 Jeuus

369 3603 591 3659 autem
632 3601 972 3657 transcensa
1024 3608 1142 3673 per
1185 3589 1464 3654 medium
1505 3590 1762 3656 illorum
1800 3591 1967 3674 ibat,
2025 3589 2175 3654 Joh.
2220 3587 2337 3653 IV.
2381 3589 2719 3673 Leguntur

370 3701 565 3765 etiam
605 3696 818 3762 simila
860 3695 944 3759 de
983 3693 1202 3759 multis
1242 3693 1528 3779 Sanctis,
1571 3696 1809 3779 quibus
1850 3694 2073 3759 divina
2113 3694 2353 3760 virtute
2377 3701 2716 3760 cesserunt

367 3812 614 3893 petrae,
654 3801 766 3867 vel
807 3801 1268 3889 liquescerunt,
1309 3799 1481 3863 sicut
1514 3797 1601 3863 dc
1642 3794 1715 3863 S.
1756 3801 2062 3865 Barbara.

445 4050 721 4147 LocuS,
771 4049 895 4126 ubi
943 4047 1206 4127 videns
1250 4048 1487 4126 ,lesus
1536 4047 1913 4126 civitatem
1966 4047 2187 4143 flevit,
2223 4071 2448 4152 super
2486 4070 2668 4125 eam.

526 4235 592 4298 A
632 4236 779 4299 loco
819 4233 1276 4318 captivationis
1320 4231 1586 4297 Domini
1609 4250 1735 4299 noc
1766 4235 2179 4320 removimus
2221 4240 2287 4296 et
2322 4231 2456 4296 alta
2484 4229 2719 4325 monti·

368 4337 755 4422 petivimus,
814 4346 883 4402 ot
939 4355 1060 4421 per
1113 4337 1293 4403 viam
1354 4335 1682 4423 quandam
1736 4339 2151 4424 praeeipitem
2216 4346 2287 4402 et
2341 4334 2724 4420 lapidosam,
