3242 5259
1535 346 1629 414 5⁷

403 546 561 593 cum
644 528 846 592 fratre
922 526 1511 595 etuxorefratris
1581 541 1653 596 et
1712 530 1867 597 aliis
1925 530 2495 601 domesticissuis
2554 538 2745 623 panii

404 635 790 703 evaderent.
853 634 1318 700 Verumtamen
1361 654 1554 702 nemo
1594 636 1809 702 adhuc
1846 638 1916 703 in
1957 640 2239 723 scaphas
2295 639 2741 730 descenderat,

401 751 476 805 et
515 742 577 805 si
617 757 790 804 unus
809 779 836 817 ,
881 739 1351 827 descendisset,
1393 742 1821 808 intolerabilis
1858 745 2175 810 tumultus
2216 745 2429 811 faetus
2482 749 2738 815 fiiisset.

397 847 599 911 Multi
641 849 812 911 enim
857 846 941 909 de
982 845 1113 910 alto
1144 850 1212 910 in
1256 847 1538 933 scaphas
1574 849 1950 932 saltassent,
1993 849 2282 936 laesique
2322 853 2640 938 fuissent,
2674 863 2744 920 et

397 952 571 1019 alios
612 952 1005 1036 laesissent,
1048 953 1160 1036 qui
1198 971 1315 1016 eos
1363 953 1448 1017 ad
1505 973 1683 1018 mare
1738 954 2205 1040 projecissent,
2248 966 2317 1021 et
2357 959 2427 1021 in
2475 961 2741 1042 scaphis

397 1059 765 1122 existentes
817 1076 967 1121 cnm
1007 1057 1246 1141 gladiis
1288 1066 1354 1121 et
1397 1058 1678 1123 cultellis
1735 1062 2105 1144 evaginatis
2174 1061 2320 1125 aliis
2370 1063 2739 1146 ingressum

397 1182 522 1228 eos
600 1164 1122 1247 prohibuissentz
1197 1164 1351 1247 quia
1412 1165 1483 1227 in
1557 1166 1705 1229 istis
1783 1166 2104 1249 angustiis
2179 1167 2466 1250 scaphae
2548 1169 2739 1233 nimis

395 1268 729 1351 replentur
782 1276 851 1331 et
920 1278 1333 1352 merguntur,
1392 1277 1459 1331 et
1527 1287 1855 1353 pauperes
1923 1270 2101 1333 vitae
2172 1288 2335 1334 suae
2397 1272 2740 1336 consulere

395 1383 789 1460 quaerentes
831 1382 984 1437 ante
1025 1374 1188 1438 alios
1233 1374 1563 1459 festinant,
1606 1392 1773 1458 quos
1814 1374 2067 1440 nobiles
2105 1384 2172 1438 et
2211 1377 2389 1441 servi
2430 1378 2738 1443 nobilium

391 1480 634 1564 gladiis
675 1488 934 1548 necant.
1017 1479 1175 1544 Illos
1242 1479 1475 1563 etiam,
1539 1481 1652 1563 qui
1716 1497 1795 1543 se
1850 1481 2148 1543 manibus
2192 1479 2277 1543 ad
2344 1499 2582 1546 navem
2624 1481 2733 1545 vel

393 1603 610 1651 remos
651 1584 1079 1668 suspendunt,
1120 1593 1192 1648 ut
1234 1585 1302 1648 in
1343 1584 1656 1668 scapham
1698 1584 2013 1668 labantur,
2056 1584 2167 1649 alii
2205 1583 2510 1649 videntes
2552 1587 2734 1668 peri-

391 1691 610 1756 culum
649 1692 718 1755 in
762 1690 1029 1773 scaphis
1065 1689 1476 1753 existentium
1517 1688 1755 1771 gladiis
1814 1689 2052 1773 digitos
2107 1697 2175 1753 et
2227 1707 2461 1755 manus
2510 1710 2734 1755 eorum

392 1796 815 1879 abscindunt,
878 1796 990 1879 qni
1064 1793 1374 1858 cadentes
1446 1794 1749 1860 deorsum
1822 1797 1891 1858 in
1951 1813 2131 1858 mare
2211 1797 2728 1879 submerguntur.

390 1902 637 1966 Audivi
677 1899 1001 1966 horrenda
1032 1900 1113 1963 ab
1141 1900 1266 1983 his,
1309 1900 1421 1982 qui
1455 1900 1693 1964 talibus
1715 1900 2023 1983 periculis
2064 1900 2515 1986 interfuerunt,
2537 1901 2733 1984 quale

389 2027 566 2073 nune
615 2007 802 2071 nobis
859 2014 999 2069 erat
1055 2006 1122 2069 in
1172 2005 1437 2069 foribus.
1523 2005 1662 2070 Sed
1701 2006 1887 2069 Deus
1949 2007 2146 2069 etiam
2206 2007 2332 2070 bac
2385 2008 2536 2072 vice
2607 2023 2732 2070 nos

386 2114 707 2196 liberavit,
744 2121 809 2176 et
852 2110 1164 2175 tumultus
1208 2128 1358 2175 cum
1400 2130 1566 2195 pace
1604 2112 1877 2176 sedatus
1920 2110 2062 2195 fuit,
2105 2119 2172 2173 et
2212 2113 2405 2176 navis
2448 2111 2533 2175 ad
2573 2129 2730 2176 sco-

385 2218 578 2302 pulos
627 2216 926 2301 alligata,
983 2225 1052 2278 et
1103 2216 1260 2282 vela
1319 2215 1590 2282 dimissa
1651 2227 1719 2280 et
1774 2215 2103 2278 anchorae
2155 2214 2425 2297 ejectae.
2527 2215 2728 2279 Porro

385 2322 704 2389 Galeotae
743 2322 859 2406 illi,
898 2341 1169 2406 quornm
1207 2322 1603 2407 negligentia
1643 2322 1709 2385 in
1738 2330 1987 2386 tantum
2019 2320 2373 2402 perieulum
2407 2320 2730 2404 venimus,

383 2431 676 2514 graviter
717 2429 975 2493 fuerunt
1015 2427 1233 2511 plagis
1274 2427 1599 2511 vapulati,
1665 2437 1733 2489 et
1794 2424 1954 2490 dure
2017 2426 2361 2510 castigati3
2418 2425 2539 2489 sed
2606 2443 2730 2490 nos

385 2534 710 2618 peregrini
764 2534 1280 2598 intercessimus·
1307 2552 1426 2616 pro
1483 2531 1581 2595 eis
1596 2576 1618 2616 ,
1682 2529 2191 2595 misericordiam
2253 2532 2538 2595 divinam
2576 2531 2729 2595 imi-

380 2647 619 2723 tantes,
659 2658 830 2723 quae
858 2657 980 2703 nos
1004 2639 1151 2702 sine
1171 2638 1419 2702 meritis
1447 2637 1867 2701 conservavit
1904 2654 1946 2699 a
1988 2644 2211 2699 morte.
2259 2640 2334 2699 In
2376 2638 2730 2700 crastinum

383 2745 844 2828 procoesimus,
889 2753 955 2807 et
997 2743 1065 2808 in
1116 2743 1382 2808 sinistra
1420 2752 1606 2826 parte
1647 2742 1941 2806 Iaderam
1985 2741 2350 2805 Dalmatiae
2397 2742 2727 2805 civitatem

380 2848 770 2933 dimisimus,
833 2856 902 2910 et
956 2856 1226 2911 ventum
1278 2849 1489 2912 secuti
1540 2848 1999 2931 processimus.
2061 2849 2472 2930 vesperante
2510 2855 2728 2910 autem

391 2953 517 3038 die,
561 2954 762 3018 durus
807 2952 1050 3035 incepit
1108 2952 1268 3015 flare
1304 2962 1582 3036 ventus,
1617 2961 1698 3016 -et
1751 2969 1900 3015 sero
1942 2952 2116 3016 facto
2172 2955 2587 3036 ingravatum
2623 2955 2729 3014 est

379 3078 560 3124 mare
599 3058 796 3124 valde
837 3075 1035 3141 super
1102 3075 1243 3123 nos.
1348 3056 1580 3140 injecti
1645 3067 1860 3122 autem
1902 3058 2143 3143 euripis
2180 3057 2535 3122 incidimus
2580 3056 2730 3120 loca

380 3165 769 3249 asperrima,
863 3181 996 3226 nec-
1066 3161 1149 3226 ad
1232 3163 1387 3227 litus
1463 3163 1795 3247 applicare
1891 3165 2035 3228 ausi
2114 3164 2353 3228 fuimus
2425 3164 2728 3227 timentes

373 3264 642 3329 Scillam
707 3274 820 3331 aut
879 3265 1260 3351 Charybdin
1325 3268 1631 3332 incidere.
1733 3268 1845 3332 Ad
1887 3268 2210 3353 quoddam
2263 3268 2492 3334 canale
2526 3268 2729 3333 latum

375 3372 683 3434 venimus
745 3381 814 3435 et
871 3372 1278 3438 celerrimum
1336 3382 1605 3438 ventum
1661 3373 1728 3437 in
1798 3393 1878 3438 eo
1940 3374 2319 3458 habuimus,
2378 3383 2445 3438 et
2510 3381 2727 3437 tamen

375 3474 447 3539 in
483 3476 697 3540 medio
746 3477 996 3541 canalis
1038 3497 1277 3541 navem
1318 3477 1609 3544 stabilire
1652 3477 2068 3544 tentavimus.
2162 3482 2475 3543 immerso
2513 3485 2729 3541 autem

368 3579 587 3644 bolide
617 3582 1001 3648 invenimus
1032 3583 1444 3648 excessivam
1486 3600 1702 3668 aquae
1755 3584 2176 3650 altitudinem.
2237 3583 2528 3648 Ulterius
2568 3600 2731 3665 ergo

370 3686 810 3767 procesdmus
853 3697 920 3751 et
962 3689 1178 3753 factae
1216 3697 1376 3753 sunt
1412 3690 1723 3753 tenebrae
1752 3689 2089 3754 occidente
2108 3689 2271 3772 sole,
2290 3706 2417 3752 nec
2454 3697 2726 3771 potera-

367 3807 516 3854 mus
568 3791 719 3854 sine
769 3811 1007 3878 magno
1057 3794 1347 3878 periculo
1421 3794 1681 3877 longius
1754 3795 2087 3878 navigare.
2194 3792 2507 3872 Quaesito
2564 3808 2727 3876 ergo

366 3910 514 3958 cum
553 3895 771 3965 bolide
824 3897 1026 3962 fundo
1040 3943 1063 3982 ,
1116 3897 1490 3964 invenimus
1505 3917 1522 3936 ·
1559 3897 1819 3984 quidem
1872 3897 1992 3962 sed
2036 3898 2725 3984 disproportionatum3

366 3998 784 4066 nihilominus
868 4012 1090 4067 tamen
1166 4002 1256 4067 ibi
1334 4002 1685 4068 anchoram
1772 4023 2075 4088 magnam
2169 4003 2517 4088 ejecimus,
2608 4018 2727 4086 pro

364 4106 799 4171 stabilimento
822 4107 1088 4192 Galeae,
1132 4126 1302 4193 qnae
1342 4107 1615 4172 fundum
1680 4119 1910 4193 petens
1942 4127 2070 4173 non
2114 4109 2386 4195 invenit,
2424 4127 2548 4173 nec
2573 4126 2730 4172 sco-

367 4210 575 4295 pulos,
622 4229 746 4276 nec
786 4229 972 4296 saxa,
1014 4231 1139 4277 nec
1179 4231 1465 4297 arenam,
1507 4213 1744 4296 quibus
1768 4212 2135 4280 mordacem
2173 4215 2431 4280 dentem
2459 4214 2729 4296 infigere

367 4324 631 4400 posset,
728 4314 849 4379 sed
920 4325 1283 4383 currentem
1367 4317 1639 4383 Galeam
1720 4321 2118 4404 sequebatur
2204 4338 2401 4385 arans
2474 4317 2730 4400 terram,

365 4420 537 4502 quod
571 4430 788 4487 tamen
828 4423 1017 4487 nobis
1057 4433 1197 4488 erat
1235 4423 1784 4491 molestissimum.
1862 4425 2029 4490 Cum
2056 4425 2301 4510 ingenti
2325 4443 2482 4508 ergo
2511 4424 2733 4487 labore

2454 4525 2493 4562 ⁴
2742 4517 2761 4542 2
