3242 5259
1430 294 1554 362 881

333 484 623 549 ferientis
703 480 1073 546 declinante
1146 474 1500 542 auriculam
1560 473 1707 557 ejus
1771 475 2073 545 abscidit.
2181 475 2471 560 noxque
2532 495 2679 541 eum

329 589 649 654 Dominus
674 582 1112 671 reprehendit,
1148 579 1368 667 gladio
1409 597 1707 664 pugnare
1753 581 2110 666 prohibuit,
2153 588 2222 642 et
2263 580 2513 644 laesum
2554 582 2682 645 sibi

334 692 683 758 adductum
745 707 965 755 coram
1033 687 1330 752 omnibus
1405 686 1684 749 sanavit.
1790 687 1985 750 Hunc
2048 685 2263 750 locum
2320 684 2681 750 deosculati

331 814 584 880 sumus,
624 804 691 861 et
733 791 1179 877 indulgentias
1220 788 1591 874 accepimus
1635 789 1772 872 st).

548 1084 668 1162 ne
716 1081 1017 1187 praedio
1067 1058 1560 1183 censemini,
1615 1081 1691 1157 in
1742 1077 1935 1179 quod
1984 1075 2186 1156 venit
2227 1078 2480 1156 iesus.

492 1265 749 1330 Deinde
790 1266 999 1349 magis
1040 1272 1270 1328 contra
1308 1268 1662 1326 torrentem
1704 1259 2195 1343 descendimus,
2248 1269 2314 1326 et
2355 1263 2423 1325 in
2466 1259 2677 1324 locum

337 1370 747 1438 Gethsamini
800 1368 1134 1451 venimus,
1209 1368 1278 1428 in
1322 1384 1448 1449 quo
1508 1374 1885 1430 manserunt
1946 1373 2096 1430 octo
2166 1365 2466 1450 discipuli
2525 1364 2681 1429 dor-

338 1479 648 1559 mientes,
708 1470 1098 1558 procedente
1137 1471 1417 1534 Domino
1474 1488 1624 1533 cum
1689 1471 1893 1533 tribus
1946 1470 2030 1533 ad
2082 1467 2293 1534 locum
2350 1470 2682 1538 orationis.

338 1583 415 1644 In
458 1581 583 1644 hoc
623 1580 768 1642 loco
810 1578 1133 1640 orationes
1173 1577 1613 1660 praescriptas
1666 1573 1968 1658 diximus,
2011 1584 2078 1640 et
2119 1584 2357 1639 terram
2399 1575 2684 1639 deoscu-

336 1684 548 1748 lantes
589 1682 1022 1765 indulgentias
1063 1682 1428 1763 recepimus
1462 1679 1603 1762 st).
1670 1680 1745 1742 In
1783 1678 1908 1743 hoc
1945 1679 2087 1744 loco
2114 1689 2401 1765 tempore
2433 1677 2685 1742 Christi

335 1798 475 1854 erat
515 1788 847 1873 praedium
908 1784 1225 1868 quoddam
1270 1793 1333 1848 et
1388 1783 1615 1848 villula
1677 1783 2092 1869 Levitarum,
2154 1785 2221 1849 in
2279 1803 2406 1868 quo
2447 1801 2685 1868 pecora

337 1891 727 1959 immolanda
787 1893 855 1955 in
925 1889 1163 1973 templo
1226 1889 1672 1952 servabantur.
1771 1890 1930 1952 Post
1985 1887 2232 1953 Christi
2296 1888 2685 1972 triumphum

338 1996 1036 2083 superaedificaverunt
1078 1993 1434 2057 Christiani
1476 1991 1822 2057 ecclesiam
1863 2010 2163 2078 magnam
2179 2039 2202 2078 ,
2243 2004 2311 2058 et
2352 2002 2688 2057 monaste-

339 2105 504 2169 rium
544 2102 999 2168 monachorum
1043 2099 1406 2162 multorum.
1492 2093 1680 2175 Quae
1721 2101 1935 2162 omnia
1966 2101 2103 2183 jam
2146 2109 2299 2164 sunt
2343 2097 2428 2161 ad
2474 2097 2685 2162 solum

342 2208 658 2291 deducta3
698 2205 999 2272 videntur
1047 2212 1272 2271 tamen
1306 2201 1520 2268 adhuc
1560 2202 1652 2265 ibi
1691 2222 2015 2270 murorum
2058 2205 2253 2270 exilia
2293 2204 2595 2286 vestigia.

484 2498 601 2577 De
648 2506 859 2602 petra
904 2497 1223 2599 vestigia
1271 2493 1803 2572 Domini‘Jesu
1851 2495 2188 2598 paventis
2236 2494 2573 2574 habente.

511 2704 698 2765 Haec
738 2710 1012 2787 quatuor
1051 2700 1197 2766 loca
1226 2699 1363 2783 jam
1409 2700 1812 2784 praescripta
1850 2709 2006 2765 suut
2044 2701 2114 2765 in
2159 2718 2289 2764 una
2328 2702 2514 2781 brevi
2557 2703 2691 2766 cir-

346 2806 769 2871 cumferentia
804 2809 1038 2891 posita,
1082 2806 1209 2869 sibi
1245 2804 1624 2888 propinqua,
1675 2807 1743 2867 in
1785 2805 2012 2870 eodem
2054 2805 2369 2875 districto.
2454 2808 2530 2868 In
2562 2822 2691 2890 quo

346 2912 641 2976 districto
686 2910 862 2976 ducti
902 2910 1142 2974 fuimus
1182 2908 1266 2972 ad
1309 2926 1530 2993 rupem
1573 2909 1899 2993 quandam
1944 2910 2164 2996 latam,
2193 2919 2691 2994 consurgentem

345 3015 433 3081 de
488 3025 693 3100 terra,
759 3023 827 3079 et
883 3015 1044 3079 facit
1105 3014 1293 3098 quasi
1332 3016 1646 3096 parietem
1688 3014 1907 3100 iatum,
1951 3014 2100 3100 (B)
2145 3024 2213 3080 et
2252 3035 2380 3079 non
2424 3016 2694 3079 multum

345 3123 570 3204 altum,
627 3137 752 3183 nec
794 3119 1059 3182 omnino
1113 3127 1404 3183 erectum
1461 3119 1582 3182 sed
1631 3118 2047 3184 declinatum.
2105 3119 2246 3186 Sub
2290 3104 2435 3207 ipso
2476 3130 2691 3185 autem

345 3228 528 3310 rupis
579 3226 826 3309 pariete
866 3232 973 3287 est
1030 3222 1349 3307 quaedam
1391 3222 1734 3307 planities,
1790 3227 1856 3289 in
1898 3227 2025 3291 hac
2063 3226 2330 3310 planitie
2372 3226 2691 3291 Dominus

345 3331 552 3394 Jesus
593 3332 824 3414 stabat,
843 3329 1100 3415 quando
1125 3329 1367 3394 Judaei
1392 3347 1539 3393 eum
1583 3329 2071 3413 apprehendere
2107 3340 2172 3395 et
2192 3350 2428 3416 capere
2458 3349 2699 3396 accur-

347 3436 613 3516 rebant,
672 3451 797 3497 nec
854 3445 1110 3518 poterat
1150 3434 1438 3519 undique
1488 3436 1696 3499 turbis
1752 3435 2136 3503 circumdari
2155 3479 2177 3518 ‚
2221 3439 2374 3521 quia
2413 3454 2455 3499 a
2511 3444 2697 3518 parte

346 3539 648 3604 orientali
698 3540 914 3602 stabat
971 3539 1189 3621 paries
1241 3539 1437 3623 rupis.
1528 3536 1823 3622 Cumque
1874 3542 2003 3602 iam
2061 3540 2377 3623 impetum
2437 3541 2507 3601 in
2545 3556 2694 3600 eum

350 3645 639 3710 facerent
692 3650 761 3706 et
810 3643 1057 3707 irruere
1096 3652 1504 3727 conarentur,
1540 3644 1831 3726 expavit,
1866 3652 1933 3706 et
1957 3652 2185 3708 contra
2216 3650 2440 3725 petrae
2475 3642 2696 3724 parie-

349 3759 480 3813 tem
534 3766 614 3811 se
662 3755 933 3812 vertens
987 3749 1453 3832 impetuositati
1504 3746 1742 3812 cedere
1802 3745 2035 3811 volens
2076 3746 2369 3811 extensis
2417 3745 2697 3809 brachiis

343 3855 416 3918 in
454 3854 666 3938 ipsum
707 3869 979 3917 saxeum
1034 3853 1352 3936 parietem
1391 3850 1655 3935 incidit,
1696 3869 1825 3915 non
1869 3850 2126 3936 quidem
2168 3859 2241 3915 ut
2277 3851 2475 3935 Pagae
2503 3869 2699 3935 prae-

348 3958 583 4022 sidium
607 3967 972 4042 quaereret,
1012 3956 1134 4022 sed
1154 3965 1231 4021 ut
1268 3956 1733 4041 importatinati
1773 3966 1839 4020 et
1879 3955 2227 4020 violentiae
2256 3954 2466 4020 locum
2497 3954 2698 4018 daret.

347 4063 448 4127 Eo
492 4072 706 4151 autem
750 4063 851 4128 sic
887 4062 1124 4146 parieti
1161 4060 1439 4125 illidenti
1479 4063 1684 4125 cessit
1725 4062 2077 4125 acerrimo
2118 4061 2369 4145 corpori
2405 4060 2548 4144 ipsa
2576 4077 2699 4143 pe-

352 4177 455 4232 tra
465 4212 488 4250 ,
531 4168 787 4234 mollem
822 4185 903 4231 se
943 4167 1285 4252 praebens,
1326 4183 1409 4230 ac
1448 4167 1507 4230 si
1548 4168 1768 4250 paries
1808 4165 1893 4229 de
1932 4165 2199 4230 flexibili
2247 4183 2402 4229 cera
2444 4164 2700 4245 fuisset,

357 4280 424 4334 et
479 4275 548 4335 in
589 4290 669 4335 se
728 4274 972 4356 recepit
1008 4271 1353 4337 incidentis
1399 4273 1672 4354 figuram
1709 4270 2063 4336 secuudum
2108 4270 2501 4334 lineamenta
2543 4284 2700 4331 cor-

356 4374 571 4458 poris,
629 4393 710 4438 eo
762 4376 983 4461 modo,
1035 4394 1165 4462 quo
1214 4384 1439 4461 petrae
1492 4375 1705 4440 illisus
1755 4374 1894 4440 fuit.
1999 4377 2086 4439 Et
2144 4374 2256 4439 illa
2312 4372 2701 4435 lineamenta
