3242 5259
568 514 623 539 v·
654 536 679 559 .
724 480 987 563 Dctava
1028 479 1169 565 die,
1210 496 1385 565 qne
1426 488 1564 545 erat
1602 477 1845 541 festum
1874 476 2307 543 Ascensionis
2348 476 2632 563 Domini,
2674 494 2918 542 ascen-

560 585 775 652 dimus
816 585 899 650 ad
942 576 1289 651 eeclesiam
1332 583 1403 648 S.
1444 584 1680 668 Marci,
1721 590 1854 649 tam
1895 581 1979 645 ad
2024 580 2261 646 Officia
2303 582 2549 666 diviua,
2595 601 2790 673 quam
2831 583 2916 647 ad

561 686 879 757 solemnia
943 690 1320 774 spectacula
1382 687 1729 753 cernenda.
1825 684 2323 753 Innumerabilia
2399 689 2574 751 enim
2606 676 2915 771 'populus

560 792 675 860 illo
718 795 827 860 die
865 796 955 859 ibi
998 795 1286 887 confluit.
1332 793 1649 858 Omnibus
1684 794 1854 856 enim
1893 793 2309 876 congregatis
2344 792 2725 857 Patriarcha
2764 808 2913 859 cum

559 918 683 965 suo
708 890 922 985 'Clero
982 906 1059 963 et·
1089 901 1384 967 omnibus
1431 898 1885 963 conventibus
1924 898 2408 981 religiosorum,
2452 906 2521 960 et
2566 896 2721 965 Dux
2763 915 2911 963 cum

561 1024 691 1070 suo
749 1004 999 1068 Senatu
1036 1014 1106 1067 et
1144 1005 1476 1068 oomnibus
1528 1002 1966 1067 Societatibus
2033 1002 2460 1066 Scabinorum
2475 1045 2497 1084 ,
2559 1000 2803 1086 singuli
2843 1002 2911 1091 iq

560 1109 701 1173 suis
743 1102 1075 1174 ordinibus
1137 1117 1202 1177 et
1244 1108 1610 1192 ornatibus,
1680 1126 1828 1171 cum
1876 1098 2179 1193 vexillis,
2247 1107 2705 1188 luminaribus,
2751 1105 2910 1169 reli-

561 1214 862 1297 quiariis,
915 1215 1253 1298 crucibus,
1284 1213 1394 1276 'de
1435 1212 1738 1277 ecclesia·
1777 1206 1847 1275 S.
1889 1214 2099 1277 Marci
2152 1211 2514 1296 procedunt.
2580 1210 2665 1274 ad
2707 1228 2908 1293 mare,

556 1319 778 1401 ibique
839 1327 1259 1403 praeparatas
1331 1336 1539 1380 naves
1606 1317 2087 1402 ingrediuntur:
2155 1326 2222 1381 et
2292 1316 2679 1380 Patriarcha
2759 1334 2907 1379 eum

556 1421 783 1505 Duce,
851 1431 919 1484 et.
993 1423 1241 1487 Senatu
1318 1424 1738 1486 Buzatorium
1812 1424 2048 1504 (latine
2125 1421 2509 1484 Bucefalum
2598 1419 2680 1482 ab
2741 1437 2910 1503 equo

564 1528 921 1592 Alexandri
956 1530 1175 1611 magni
1219 1529 1321 1591 sic
1360 1528 1795 1611 nominatum)
1838 1525 2235 1613 ascendunt:
2283 1544 2452 1609 quae
2496 1532 2599 1586 est
2641 1523 2910 1606 grandis

560 1635 749 1696 navis
806 1635 874 1695 in
919 1610 1179 1696 modum
1238 1634 1636 1696 tabernaculi
1692 1633 1984 1716 depicta,
2044 1641 2110 1694 et
2153 1649 2307 1695 auro
2353 1639 2526 1693 tecta
2569 1637 2638 1691 et
2676 1629 2909 1692 sericis

557 1739 742 1819 sagis
780 1745 1044 1820 operta,
1089 1746 1155 1800 et
1195 1738 1361 1800 haec
1404 1740 1619 1800 omnia
1662 1736 1824 1801 fiunt
1865 1755 2013 1799 cum
2055 1737 2305 1819 ingenti
2348 1742 2694 1817 apparatu,
2757 1751 2905 1799 cum

558 1858 1016 1923 campanarum
1078 1842 1361 1905 omnium
1423 1859 1624 1926 sono,
1695 1852 1758 1905 et
1821 1816 2129 1924 clangore
2192 1842 2485 1903 tubarum
2502 1884 2522 1923 ,
2585 1848 2653 1901 et
2709 1846 2906 1903 cantu

559 1944 824 2021 diverso
866 1942 1287 2010 clericorum.
1345 1947 1437 2008 Et
1478 1944 1632 2007 dum
1673 1942 2091 2017 Buzato'rium
2135 1947 2349 2031 remis,
2390 1936 2501 2028 q'ui
2546 1953 2700 2006 sunt
2738 1943 2908 2007 ultra

560 2051 869 2134 trecenti,
930 2068 972 2112 a
1033 2059 1207 2112 terra
1248 2049 1551 2131 trahitur,
1606 2048 1778 2112 ultra
1840 2051 2125 2133 quinque
2168 2049 2369 2112 millia
2424 2051 2687 2111 navium
2757 2067 2904 2114 eum

559 2157 1084 2218 concomitantur.
1192 2153 1261 2216 N
1263 2138 1543 2236 abigant,
1589 2163 1803 2218 autem
1867 2172 2079 2237 usque
2141 2153 2222 2216 ad
2263 2153 2576 2241 castella,
2632 2155 2740 2217 ubi
2801 2162 2905 2217 est

559 2268 784 2342 portus
845 2266 1156 2342 venetus,
1243 2267 1311 2320 et
1385 2258 1536 2322 dum
1610 2238 1797 2321 e'xtra
1871 2267 2124 2342 portum
2200 2258 2282 2321 ad
2352 2277 2530 2322 mare
2605 2263 2906 2322 venerint

556 2364 907 2427 universae
949 2382 1196 2442 naves,
1251 2362 1628 2427 Patriarcha
1667 2365 1882 2448 ipsum
1943 2382 2123 2457 mare
2163 2363 2519 2446 benedicit,
2582 2364 2757 2428 sicut
2797 2372 2903 2427 est

555 2486 696 2532 mos
739 2470 807 2532 in
846 2466 1065 2533 multis
1107 2464 1398 2553 partibus
1439 2469 1550 2534 illo
1595 2454 1701 2534 die
1743 2488 1947 2553 aquas
1990 2468 2395 2532 benedicere.
2437 2468 2902 2532 Benedictione

556 2583 852 2656 peracta,
907 2572 1063 2637 Dux
1117 2573 1425 2637 annulum
1499 2593 1764 2639 aureum
1827 2572 2028 2657 digito
2092 2589 2215 2635 suo
2241 2569 2626 2649 2detrahens
2685 2576 2902 2658 ipsum

554 2674 877 2744 annulum'
927 2679 994 2741 in
1044 2697 1223 2744 mare
1264 2679 1551 2763 projicit,
1631 2680 1820 2762 quasi
1883 2677 2292 2762 desponsans
2361 2699 2538 2743 mare
2600 2679 2897 2742 Venetis.

560 2778 720 2847 Post
784 2783 1092 2850 annulum
1144 2784 1327 2848 multi
1367 2802 1445 2846 se
1504 2782 1864 2867 denudant,
1920 2793 1989 2846 et
2041 2782 2332 2846 feruntur
2382 2784 2449 2846 in
2509 2782 2901 2865 profundum

551 2897 942 2971 quaerentes
965 2886 1557 2970 annulum.(88A)
1571 2885 1659 2951 Et
1678 2889 1810 2971 ille,
1828 2889 1938 2972 qui
1960 2907 2105 2950 eum
2125 2889 2396 2969 invenit,
2418 2887 2539 2949 sibi
2564 2887 2816 2969 retinet,
2832 2895 2902 2950 et

554 3008 703 3054 cum
745 2991 872 3054 hoc
922 3011 1043 3076 per
1083 3000 1288 3055 totum
1331 3011 1573 3054 annum
1614 2992 1779 3056 liber
1817 2994 1886 3054 in
1919 2993 2187 3056 civitate
2226 2999 2444 3055 manet
2484 2992 2564 3054 ab
2602 2991 2899 3057 omnibus

556 3097 860 3158 oneribus
877 3139 899 3178 ,
943 3080 1179 3177 quibus
1232 3114 1349 3176 pro
1404 3095 1738 3177 republica
1789 3096 1879 3159 ibi
1920 3096 2287 3159 habitantes
2349 3105 2724 3179 gravantur.
2810 3096 2900 3160 Et

550 3196 707 3261 dum
760 3197 925 3260 haec
982 3205 1296 3281 aguntur,
1363 3198 1788 3263 circumstant
1860 3197 2208 3265 universae
2268 3218 2477 3264 naves
2531 3203 2601 3263 in
2660 3218 2899 3284 magna

549 3318 886 3385 pressura,
931 3312 997 3365 et
1039 3311 1143 3366 est
1180 3303 1703 3379 tantus‚souitus
1770 3302 2295 3388 bombardarum,
2342 3324 2509 3390 quas
2575 3292 2895 3391 emittunt,

547 3406 883 3490 tubarum,
926 3406 1411 3492 tympanorum,
1471 3415 1538 3469 et
1580 3408 1992 3473 clamantium
2068 3428 2151 3474 ac
2219 3411 2654 3496 cantantium,
2720 3410 2895 3497 quod

547 3528 726 3574 mare
756 3511 1015 3575 videtur
1058 3512 1322 3577 moveri.
1382 3510 1510 3573 His
1540 3512 1934 3595 spectaculis
1973 3518 2169 3579 etiam
2206 3515 2510 3579 affuimus
2538 3519 2606 3580 in
2637 3518 2896 3600 propria

548 3615 869 3680 conducta
950 3606 1177 3700 barc'a5
1260 3600 1525 3699 peracta
1581 3616 1697 3680 illa
1761 3618 2209 3683 benedictione
2272 3630 2339 3684 et
2395 3620 2895 3705 desponsatione

546 3723 745 3784 maris
809 3731 1199 3786 convertunt
1237 3722 1654 3786 Buzatorium
1693 3721 1777 3788 ad
1819 3727 2275 3789 monasterium
2319 3724 2391 3791 S.
2437 3725 2693 3789 Nicolai
2737 3724 2893 3808 alyu

546 3833 612 3886 et
671 3823 762 3886 ibi
821 3828 1027 3908 petito
1099 3827 1289 3890 litore
1361 3839 1601 3894 exeunt
1667 3846 1895 3892 omnes
1961 3828 2044 3891 de
2111 3829 2408 3893 omnibus
2488 3832 2766 3894 navibus
2825 3838 2916 3895 et.

543 3926 992 4010 ingrediuntur
1030 3931 1396 4016 ecclesiam,
1432 3950 1627 4016 quam
1656 3935 1774 3996 vix
1797 3935 2157 3996 centesima
2181 3952 2333 4016 pars
2374 3934 2592 4017 populi
2632 3930 2891 4023 ingredi

541 4030 757 4115 valet,
825 4028 1126 4117 quanivis
1182 4055 1422 4120 magna
1462 4038 1582 4119 sit,
1648 4045 1714 4099 et
1755 4046 1972 4100 tamen
2013 4038 2086 4099 in
2125 4038 2240 4101 illa
2293 4038 2702 4102 multitudine
2757 4055 2890 4101 non

544 4145 646 4199 est
688 4137 920 4201 mulier
960 4139 1210 4223 aliqua,
1278 4140 1398 4203 sed
1443 4150 1644 4204 totum
1701 4142 2032 4223 negotium
2089 4141 2214 4204 hoc
2256 4161 2373 4225 per
2430 4145 2609 4205 viros
2654 4142 2885 4223 agitur.

539 4240 712 4306 Dum
757 4252 971 4307 autem
1011 4244 1387 4309 Patriarcha
1427 4244 1902 4327 pontificalibus
1945 4255 2209 4311 ornatus
2253 4255 2318 4308 et
2359 4245 2513 4308 Dux
2557 4263 2704 4308 cum
2747 4244 2889 4309 suis

543 4356 771 4410 contra
802 4340 1148 4413 ecclesiam
1189 4358 1557 4432 properant,
1587 4349 1815 4423 Abbas
1848 4353 2240 4435 monasterii,
2284 4350 2491 4415 infula
2523 4348 2886 4437 decoratus,
