3242 5259
1452 332 1583 397 215

506 513 724 579 'l'ertio
757 511 1038 577 decimo:
1085 522 1303 578 teneat
1328 512 1711 598 peregrinus
1745 530 1939 580 suum
1961 516 2235 600 annum,
2260 534 2454 603 quem
2477 520 2685 604 primo

336 640 379 683 a
418 637 540 684 suo
578 620 862 686 asinario
900 620 1164 703 recepit,
1206 628 1275 683 et
1314 638 1445 683 non
1489 628 1694 682 mutet
1732 619 1843 685 vel
1885 628 2133 684 munet
2175 621 2382 705 alteri,
2425 623 2553 687 nisi
2600 622 2683 688 de

336 743 665 790 consensa
704 725 993 809 asinarii,
1036 725 1190 807 quia
1230 724 1396 788 alias
1434 725 1712 787 turbatio
1754 726 1970 790 oritur.
2015 726 2164 811 (B)

503 850 790 931 Quartus
833 852 1159 917 decimus:
1204 860 1443 916 cavent
1486 851 1727 916 domini
1771 854 2096 937 peregrini
2143 854 2394 919 nobiles
2416 901 2436 938 ,
2478 874 2564 919 ne
2605 873 2684 920 se

339 975 555 1021 coram
597 956 988 1023 sarracenis
1028 956 1111 1020 de
1190 957 1592 1041 ingenuitate
1645 957 1955 1043 prodant,
2013 959 2168 1043 quia
2228 958 2677 1043 imprudenter

339 1071 566 1148 ageret
606 1062 824 1127 multis
865 1063 1288 1147 respectibus.
2624 1059 2641 1071 ’

500 1188 780 1269 Quintus
812 1188 1137 1254 decimus:
1179 1206 1309 1253 non
1350 1189 1640 1274 imponat
1679 1190 2062 1273 peregrinus
2093 1192 2291 1275 capiti
2318 1195 2678 1276 suo'prae-

338 1295 631 1360 sentibus
686 1294 1067 1359 Sarracenis
1126 1298 1351 1360 mitras
1409 1295 1637 1379 albaS,
1703 1314 1826 1359 nec
1889 1296 2188 1360 involvat
2275 1307 2470 1380 caput
2527 1300 2678 1363 albo

338 1400 598 1465 sudario
642 1408 753 1464 aut
794 1419 1043 1484 pauno;
1087 1402 1241 1485 quia
1298 1401 1424 1464 boc
1481 1401 1605 1464 sibi
1660 1409 1890 1484 putant
1950 1400 2114 1466 solis
2170 1401 2402 1466 licere:
2462 1412 2530 1466 et
2577 1413 2681 1467 est

336 1507 594 1590 siguum
639 1524 857 1569 eorum
925 1506 1368 1571 distinctivum
1425 1506 1505 1569 ab
1571 1505 1718 1568 aliis
1771 1508 2117 1590 gentibus3
2176 1524 2301 1571 nec
2351 1509 2681 1573 sustinent

339 1610 743 1674 Christianos
797 1609 965 1676 albis
1016 1610 1279 1675 indutos
1344 1612 1641 1675 vestibus
1661 1655 1682 1693 ,
1749 1612 1922 1696 quod
1999 1621 2215 1678 tamen
2279 1621 2383 1675 est
2448 1620 2679 1676 contra

335 1714 665 1779 Alchoron
706 1735 915 1799 suum,
958 1717 1027 1779 in
1069 1736 1197 1803 quo
1237 1716 1622 1801 aliquotiens
1651 1716 2017 1781 Christiani·
2059 1718 2467 1781 nominantur
2524 1717 2678 1799 albi,

337 1830 404 1884 et
446 1822 744 1906 quotiens
803 1819 887 1883 de
950 1822 1049 1885 eis
1103 1823 1491 1887 mentionem
1548 1822 1749 1906 facit,
1816 1822 2001 1886 albos
2059 1830 2298 1902 vocat,
2363 1831 2437 1885 ut
2477 1822 2677 1885 habet

336 1924 651 1990 Nicolaus
684 1925 866 1989 Cusa
904 1926 988 1990 (le
1030 1926 1414 1991 cribratione
1452 1925 1819 1991 Alchoron:
1865 1927 2053 2010 plura
2108 1926 2278 1989 enim
2326 1924 2675 1991 Sarraceni

335 2030 460 2095 sibi
497 2040 755 2114 praeter
792 2031 1183 2095 Machometi
1226 2031 1687 2097 ordinationem
1738 2041 2283 2115 reassumserunt,
2333 2051 2502 2116 quae
2524 2033 2676 2097 olim

334 2135 645 2200 idolatrae
698 2137 1021 2200 habebant
1042 2182 1063 2220 ,
1105 2145 1178 2200 ut
1242 2149 1344 2203 est
1388 2138 1470 2203 de
1523 2139 1864 2202 vestibus:
1907 2138 2276 2201 vestiuntur
2332 2140 2503 2202 enim
2563 2141 2675 2222 ita,

336 2242 511 2327 quod
567 2261 690 2306 nec
748 2242 851 2304 vir
869 2285 891 2323 ,
957 2259 1080 2304 nec
1123 2244 1351 2308 mulier
1412 2253 1682 2328 apparet
1734 2250 1924 2305 veste
1965 2242 2458 2326 hermefrodica,
2503 2243 2673 2308 sicut

337 2346 487 2411 olim
544 2346 779 2430 legitur
839 2344 922 2408 de
986 2345 1414 2413 Semiramide
1456 2350 1721 2432 regina,
1789 2365 1958 2431 quae
2009 2348 2110 2410 sic
2167 2348 2335 2410 inter
2386 2358 2673 2411 armatos

336 2461 561 2516 contra
601 2450 897 2515 Bactrias
940 2454 1260 2535 processit
1301 2454 1565 2529 vestita,
1610 2449 1783 2535 quod
1847 2469 2036 2513 nemo
2091 2451 2272 2515 novit
2324 2472 2505 2536 eam,
2562 2452 2674 2516 vel

334 2557 543 2621 virum
584 2554 694 2619 vel
740 2556 1105 2642 foeminam,
1148 2566 1212 2621 et
1255 2560 1381 2623 iste
1416 2557 1646 2621 modus
1684 2554 1876 2619 hodie
1899 2556 1966 2617 in
2009 2554 2256 2619 oriente
2296 2558 2498 2642 viget'.
2557 2557 2674 2621 Sic

336 2665 529 2726 etiam
578 2682 664 2725 ex
702 2660 929 2744 gentili
973 2682 1151 2726 more
1188 2665 1403 2748 capita
1454 2661 1934 2725 linteaminibus
1967 2659 2261 2724 involuta
2304 2672 2371 2728 et
2406 2663 2697 2726 bullata'

334 2768 601 2851 habent,
649 2769 818 2831 sicut
881 2766 1159 2850 legimus
1215 2766 1600 2855 Dionysium
1624 2813 1646 2851 ,
1690 2765 1989 2829 Semeles
2069 2764 2304 2849 filium,
2375 2766 2670 2854 luguriao

337 2870 767 2956 crapulaeque
810 2870 1093 2936 deditum
1141 2875 1415 2939 fecisse:
1472 2892 1621 2936 nam
1660 2873 1717 2935 si
1761 2871 2019 2956 quando
2060 2890 2144 2935 cx
2187 2881 2343 2955 potu
2387 2874 2670 2950 bibentis

337 2986 531 3059 caput
572 2978 947 3062 agitaretur,
990 2979 1178 3042 mitra
1217 2978 1375 3043 illud
1417 2978 1743 3062 alligabat,
1767 2977 1940 3042 unde
1964 2986 2028 3041 et
2069 2963 2669 3061 Mitriphoros‘dic-

338 3089 445 3144 tus
505 3090 626 3145 est.
741 3079 951 3160 Quem
1017 3083 1471 3149 Machometus
1535 3084 1754 3146 ebrius
1817 3082 2103 3146 imitatus
2157 3069 2366 3166 caput*
2411 3099 2670 3168 semper

337 3185 656 3270 illigatum
715 3186 1021 3252 habebat:
1089 3210 1316 3254 verum
1372 3199 1529 3275 post
1584 3191 1741 3253 vino
1782 3186 2083 3251 abdicato
2158 3206 2274 3270 pro
2323 3187 2667 3253 homicidio

336 3293 405 3352 in
445 3291 583 3354 vini
612 3290 779 3354 furia
820 3293 1167 3359 commisso
1210 3295 1442 3378 capitis
1486 3295 1725 3360 bullam
1774 3294 2052 3376 retinnit,
2096 3311 2238 3354 eam
2273 3295 2412 3357 suis
2455 3295 2669 3357 culto-

335 3390 513 3457 ribus
549 3394 825 3479 reliquit,
866 3400 1017 3482 quia
1037 3400 1228 3464 hodie
1246 3401 1471 3464 bullati
1504 3408 1569 3463 et
1606 3400 1794 3484 quasi
1817 3400 2105 3462 coronati
2146 3396 2334 3462 lineis
2363 3398 2668 3466 incedunt

334 3507 398 3562 et
442 3500 631 3564 nobis
676 3520 804 3565 non
846 3503 1187 3569 admittunt
1225 3506 1443 3589 capita
1477 3505 1644 3569 albis
1689 3512 1861 3567 tecta
1899 3504 2162 3567 habere.

502 3625 753 3691 Sextus
814 3628 1135 3694 decimus:
1203 3650 1333 3696 non
1409 3639 1620 3715 portet
1689 3630 2069 3713 peregrinus
2137 3580 2471 3712 cultellos,
2544 3643 2670 3701 nec

333 3732 550 3838 aliqga
591 3732 720 3796 alia
763 3732 1223 3820 dependentia,
1281 3754 1366 3800 ne
1407 3735 1489 3798 ab
1546 3753 1624 3798 eo
1670 3730 2118 3817 discerpantur
2160 3742 2227 3796 et
2267 3731 2665 3833 aurerantpr,

330 3846 402 3902 et
442 3837 619 3902 nulla
659 3846 874 3922 portet
913 3858 1112 3909 arma.

491 3987 805 4052 Decimus
872 3989 1222 4072 septimust
1284 3988 1346 4052 si
1412 3985 1796 4071 peregrinus
1857 3987 2175 4049 contrahit
2235 4003 2380 4047 cum
2448 3987 2664 4067 aliqua

329 4088 695 4157 Sarraoeno
733 4092 1252 4176 familiaritatem,
1293 4102 1546 4178 caveat,
1591 4090 1765 4176 quod
1805 4095 2147 4155 nounimis
2191 4095 2311 4151 sihi
2356 4091 2660 4171 resimilans.

328 4197 484 4279 quia
549 4196 758 4262 dolosi
819 4208 1003 4283 sunt,
1063 4208 1130 4263 et
1171 4200 1519 4283 praecipue
1580 4206 1846 4282 caveat,
1912 4213 1999 4259 ne
2043 4199 2103 4255 in
2167 4199 2315 4275 joun
2372 4215 2512 4259 cum
2584 4215 2660 4255 on

328 4301 547 4370 habito
599 4320 862 4370 manum
923 4304 1049 4368 sibi
1092 4306 1160 4371 in
1213 4304 1481 4368 barbam
1536 4304 1774 4385 mittat,
1835 4300 1946 4365 vel
2007 4323 2195 4363 marm
2255 4303 2675 4375 invalui-,rum

328 4407 562 4490 capitis
601 4409 704 4472 sui
746 4411 1085 4494 percutiat,
1113 4410 1306 4476 etiam
1330 4409 1560 4494 iocose
1598 4417 1667 4471 ot
1704 4407 1952 4480 leniter.
1999 4411 2147 4471 Hos
2187 4411 2352 4471 manin:
2404 4411 2660 4467 omniun
