3242 5259
1650 318 1775 383 112

528 496 598 561 in
639 497 845 565 salem
892 496 1185 571 densata-
1206 497 1467 565 flasset.
1561 498 1699 563 Sed
1752 501 1906 583 quia
1951 498 2156 563 voluit
2200 517 2360 575 ene
2396 518 2610 582 mare,
2647 501 2892 565 mansit

531 622 732 689 aqua,
788 604 907 666 sed
940 604 1154 667 salsa.
1234 606 1509 688 Insuper
1569 604 1962 669 Aristoteles
2017 606 2082 671 2.
2128 606 2401 673 lteteor.
2465 624 2584 688 per
2625 604 2892 688 longum

530 710 819 793 disputat
859 708 942 773 de
985 727 1192 772 causa
1226 709 1580 773 salsedinis
1620 712 1854 773 maris:
1901 710 2022 774 sed
2082 720 2340 794 praeter
2382 726 2494 793 ea,
2539 729 2712 795 quae
2743 711 2893 793 jpse

531 816 923 881 Aristoteles
961 814 1388 899 determinat,
1431 813 1694 901 quidam
1735 815 1983 900 dicunt,
2028 814 2201 899 quod
2246 818 2398 900 quia
2437 824 2609 887 term
2649 817 2900 898 ignitur>

533 941 578 987 a
616 923 794 1004 sole,
854 920 1116 985 resudat
1173 920 1259 984 de
1315 938 1397 984 ea
1456 921 1841 1004 humiditas,
1903 921 2178 1005 quaein
2217 939 2301 983 ea
2343 918 2494 1005 ‘³⁸12‘
2543 931 2608 985 et
2671 924 2764 983 ita
2805 940 2892 985 ex

530 1030 661 1093 isto
705 1027 944 1090 sudore
998 1043 1179 1089 mare
1220 1036 1688 1110 congregatur,
1732 1035 1799 1088 et
1839 1027 1992 1109 quia
2030 1025 2233 1089 sudor
2273 1026 2493 1089 salsus
2535 1034 2665 1107 est,
2711 1044 2892 1090 mare

534 1148 681 1196 cum
729 1133 818 1194 sit
861 1139 1074 1193 terrae
1120 1128 1353 1215 sudor,
1398 1131 1648 1195 salsum
1690 1139 1812 1193 est.
1878 1130 2033 1194 Ideo
2072 1131 2184 1195 illi·
2207 1130 2453 1215 dicunt,
2496 1131 2669 1213 quod
2713 1149 2893 1193 mare

533 1237 694 1303 nihil
747 1233 922 1299 aliud
962 1237 1082 1318 sit,
1126 1237 1255 1299 nisi
1294 1234 1498 1299 sudor
1553 1245 1765 1299 terrae
1812 1245 2137 1299 aeternus.
2224 1237 2361 1301 Alii
2404 1237 2651 1320 dicunt,
2717 1235 2891 1319 quod

536 1345 692 1427 quia
724 1358 915 1425 ¹mare
958 1339 1241 1403 torrIdae
1296 1359 1507 1404 zonae
1564 1351 1774 1405 terrae
1818 1342 2302 1424 superpositum
2345 1350 2478 1425 est,
2546 1360 2632 1404 ex
2674 1341 2891 1403 calore

504 1418 681 1529 eicis
745 1449 1070 1528 spissatur
1126 1446 1297 1508 sicut
1354 1446 1484 1509 alia
1541 1465 1712 1531 aqua
1774 1445 1982 1509 dulcis
2034 1464 2152 1528 per
2208 1446 2491 1509 calorem
2555 1448 2624 1508 in
2684 1446 2890 1510 salem

535 1552 786 1615 transit.
871 1550 1004 1613 Alii
1050 1549 1271 1614 dicunt
1292 1596 1317 1635 ,
1370 1552 1544 1635 quod
1586 1561 1759 1616 terra
1815 1549 2134 1635 quaedam
2176 1560 2281 1614 est
2324 1551 2537 1635 salsa,
2582 1554 2686 1615 cui
2740 1570 2891 1616 cum

538 1674 713 1740 aqua
750 1656 947 1718 maris
985 1652 1409 1739 admiscetur,
1467 1657 1648 1720 salsa
1687 1657 1763 1720 fit
1820 1675 1864 1718 a
1913 1664 2115 1737 terra3
2161 1656 2260 1718 sic
2317 1674 2521 1740 aqua,
2564 1674 2734 1741 quae
2774 1675 2891 1739 per

536 1764 792 1825 cineres
849 1759 1138 1843 colatur,
1178 1760 1254 1822 fit
1315 1761 1509 1824 salsa.
1593 1761 1731 1824 Alii
1789 1760 2008 1824 dicunt
2024 1806 2045 1842 ,
2105 1759 2279 1843 quod
2338 1760 2452 1823 illa
2500 1761 2763 1826 salsedo
2819 1761 2892 1825 fit

538 1875 802 1950 propter
844 1863 1126 1927 calidum
1171 1882 1479 1947 vaporem
1543 1865 1899 1930 admixtum
1957 1882 2166 1948 aquae
2216 1866 2525 1947 partibus.
2611 1866 2782 1929 Nam
2826 1873 2893 1928 et

536 1970 738 2035 sudor
800 1978 868 2032 et
935 1971 1157 2051 urina,
1220 1970 1288 2032 in
1331 1970 1567 2053 quibus
1634 1973 1770 2054 agit
1811 1969 2109 2034 caliditas
2129 2013 2149 2052 ,
2213 1970 2631 2033 inveniuntur
2687 1970 2886 2033 salsa.

541 2075 676 2139 Alii
728 2074 946 2137 dicunt
963 2117 985 2157 ,
1031 2072 1202 2157 quod
1246 2075 1408 2138 solis
1451 2073 1682 2139 ardore
1719 2076 1917 2139 maris
1957 2075 2166 2157 liquor
2209 2076 2508 2138 siccatur.
2556 2073 2674 2137 Sol
2717 2076 2891 2140 enim

538 2188 643 2245 eat
684 2188 938 2242 torrens
980 2188 1254 2264 cuncta,
1296 2180 1721 2263 sorbensque,
1762 2181 1991 2263 sicque
2029 2180 2192 2242 mari
2231 2179 2363 2243 late
2397 2182 2644 2264 patenti
2685 2176 2887 2245 salsis

424 2310 451 2327 ·
538 2300 734 2367 sapor
774 2285 1171 2366 incoquitur:
1238 2284 1455 2347 calore
1497 2303 1655 2368 ergo
1717 2283 1879 2348 solis
1920 2292 1987 2347 et
2027 2284 2359 2359 stannum
2403 2302 2576 2370 aqua
2619 2284 2893 2351 decocta

538 2389 719 2453 salsa
747 2386 1046 2470 efficitur,
1078 2391 1306 2473 sieque
1347 2407 1518 2474 aqua
1554 2388 1784 2453 dulcis
1821 2408 1939 2473 per
1980 2389 2424 2471 decadonem
2461 2391 2565 2455 sal
2592 2390 2890 2474 efficitur,

540 2502 611 2556 et
649 2495 840 2557 homo
866 2539 887 2576 ,
953 2496 1064 2576 qul
1131 2497 1351 2559 vinum
1418 2494 1611 2558 dulce
1676 2503 1740 2558 et
1783 2512 2018 2577 aquam
2059 2495 2313 2563 dulcem
2351 2480 2583 2580 tibin,
2681 2497 2891 2561 salam

540 2601 788 2662 urinam
830 2599 1091 2683 mingit,
1136 2602 1290 2683 quia
1354 2599 1534 2663 calor
1572 2599 2063 2665 amaritudinem
2101 2601 2378 2673 inducit.
2458 2602 2594 2667 Alii
2649 2601 2891 2689 dicunt,

541 2701 715 2787 quod
758 2701 860 2767 sol
903 2703 1206 2767 exhaurit
1246 2703 1558 2787 liquorem
1604 2703 1859 2770 dulcem
1904 2714 1971 2768 et
2030 2714 2323 2789 tenuem,
2361 2725 2566 2791 ‚quem
2616 2707 2891 2771 faciliter

541 2811 651 2872 vis
709 2808 886 2892 ignis
955 2809 1221 2872 attrahit
1286 2817 1353 2871 et
1412 2808 1798 2894 relinquitur
1860 2811 2069 2873 omnis
2128 2814 2421 2893 asperior
2481 2814 2893 2896 crassiorque

544 2913 788 2997 liquor,
854 2912 1027 2976 unde
1080 2931 1336 2977 summa
1388 2912 1566 2978 unda
1626 2916 1823 2978 maris
1880 2913 2128 2978 dulcior
2161 2925 2306 2997 est,
2363 2914 2510 2998 (B)
2551 2918 2684 2979 ima
2730 2936 2892 2983 vero

545 3020 875 3083 aman-ion·
929 3017 1014 3081 Et
1054 3018 1250 3081 lunae
1305 3017 1567 3102 quidem
1629 3020 2000 3085 alimentum
2064 3029 2168 3082 est
2222 3021 2290 3081 in
2333 3019 2629 3082 dulcibus
2681 3022 2891 3105 aquis,

546 3120 713 3184 solis
755 3129 969 3183 autem
1018 3121 1084 3184 in
1136 3123 1396 3187 amaris.
1481 3124 1779 3187 Marinae
1820 3125 2016 3187 etiam
2058 3140 2267 3206 aquae
2303 3122 2603 3205 gelantur
2643 3123 2892 3207 tardius

547 3242 744 3309 quam
807 3223 1067 3309 dulces,
1137 3234 1204 3289 et
1258 3228 1701 3291 accenduntur
1769 3225 2066 3290 celerius.
2171 3227 2383 3289 Mixta
2452 3235 2556 3290 est
2624 3246 2781 3310 ergo
2822 3229 2891 3292 in

546 3332 711 3394 mari
755 3328 1017 3392 salsedo
1065 3329 1428 3417 dulcedini,
1486 3332 1660 3417 quod
1700 3331 1910 3396 videri
1955 3338 2172 3414 potest
2224 3333 2294 3395 in
2337 3350 2450 3395 eo:
2508 3333 2569 3395 si
2608 3350 2733 3396 vas
2777 3330 2892 3397 flat

553 3431 637 3496 de
679 3450 866 3517 cera,
906 3443 977 3497 et
1028 3434 1269 3520 ubique
1309 3437 1695 3520 obstruitur,
1738 3455 1823 3499 ne
1865 3454 2037 3520 aqua
2074 3439 2316 3501 intrare
2356 3437 2586 3521 possit,
2626 3446 2694 3500 et
2732 3439 2895 3502 mari

550 3539 1106 3623 imponitur,.(uuc
1147 3560 1319 3627 aqua
1358 3552 1709 3626 penetrans
1750 3550 1817 3604 et
1861 3540 2182 3607 distillans
2224 3563 2342 3626 per
2377 3543 2662 3625 parietes
2691 3544 2894 3628 vasis,

550 3647 728 3707 intus
789 3645 861 3707 fit
924 3643 1134 3709 duleis
1200 3656 1267 3710 et
1307 3648 1647 3732 potabilis,
1709 3657 1778 3709 et
1834 3648 2021 3732 quasi
2081 3667 2200 3731 per
2256 3647 2666 3734 colatorium,
2719 3648 2894 3733 quod

554 3766 846 3814 crassum
888 3759 953 3813 et
994 3751 1242 3815 salsum
1284 3762 1386 3816 est
1399 3799 1421 3837 ,
1484 3752 1862 3815 secernitur.
1948 3751 2023 3815 Si
2066 3754 2214 3836 quis
2260 3757 2455 3819 etiam
2489 3754 2680 3837 juxta
2717 3772 2896 3819 mare

551 3853 620 3916 in
680 3852 867 3917 litore
922 3854 1183 3920 foveam
1225 3857 1495 3941 fecerit,
1554 3876 1727 3940 aqua
1765 3859 1835 3921 in
1878 3875 2024 3921 eam
2081 3876 2166 3922 ex
2208 3860 2371 3922 mari
2411 3858 2742 3943 percolata
2779 3878 2899 3943 per

553 3974 817 4021 arenam
876 3957 1085 4024 dulcis
1143 3970 1209 4025 et
1254 3962 1558 4046 potabilis
1601 3963 1693 4025 fit.
1776 3962 1914 4027 Alii
1957 3980 2228 4026 causam
2286 3963 2636 4031 salsedinis
2698 3965 2895 4029 maris

550 4062 761 4145 magis
822 4063 1249 4149 theologicam
1336 4069 1740 4151 assignant.-
1817 4066 2128 4131 Sanctius
2224 4076 2328 4130 est
2393 4070 2570 4132 enim
2653 4066 2894 4152 dicere,

552 4168 768 4251 ipsum
824 4186 1003 4233 mare
1060 4173 1162 4234 sic
1221 4171 1469 4237 salsum
1535 4181 1824 4238 creatum
1868 4190 1911 4236 a
1950 4172 2096 4235 Deo
2162 4170 2403 4253 finisse,
2467 4174 2639 4243 siant
2701 4173 2895 4238 etiam

552 4273 826 4339 aliorum
860 4273 1321 4341 elementorum
1363 4296 1564 4345 unum
1588 4276 1936 4363 quodquod
1977 4275 2302 4358 pmprim
2325 4273 2525 4338 habet
2562 4284 2893 4360 naturam

546 4379 643 4444 ita
682 4382 877 4453 etiam
916 4385 1076 4447 mari
1112 4383 1595 4449 connaturalem
1639 4400 1792 4448 esse
1827 4378 2265 4463 salsedinem3
2316 4375 2498 4462 quod
2535 4379 2666 4441 nisi
2709 4386 2894 4447 esset
