3242 5259
1447 386 1569 451 1²5

326 568 543 633 modio
585 567 817 651 galeae
844 566 1035 648 juxta
1069 565 1327 647 malum,
1361 575 1425 628 et
1466 568 1657 634 etiam
1679 568 1845 651 gerit
1868 569 2150 633 fistulam
2181 574 2688 657 praeceptorium

316 677 384 737 ln
430 673 653 757 colllo3
694 681 763 735 et
797 671 909 733 ubi
956 678 1207 732 cometa
1233 689 1361 733 non
1401 682 1616 754 potest
1658 676 2130 755 esse,'aceurrit
2171 675 2325 740 baro
2364 677 2687 762 fistulans,

328 778 644 859 clamans,
687 786 753 839 et
794 774 1136 839 stimulans
1174 773 1257 836 ad
1296 772 1571 835 labores.
1656 774 1832 839 Huic
1885 777 2154 860 grandis
2214 799 2369 844 cura
2433 791 2536 846 est
2601 782 2689 846 de

327 883 613 964 funibus,
652 882 821 945 velis
862 889 928 943 et
965 880 1287 960 anchoris,
1333 887 1405 940 ut
1451 880 1583 941 s1nt
1653 898 1911 964 semper
1967 869 2186 968 aptata
2252 894 2320 947 et
2352 886 2683 972 disposita,

337 981 404 1049 el
443 983 798 1069 singularia
838 985 1033 1064 habet
1075 986 1142 1048 in
1184 982 1353 1066 gaba
1397 985 1757 1069 privilegia
1801 995 1867 1048 et
1900 985 2066 1068 jura.
2154 986 2296 1051 Sub
2360 990 2470 1052 illo
2513 990 2709 1055 alius-

331 1100 454 1173 est,
478 1093 587 1176 qui
634 1091 867 1154 dicitur
906 1091 1294 1173 subparono,
1323 1092 1437 1170 qni
1480 1088 1563 1152 ad
1604 1090 1866 1172 jussum
1911 1092 2053 1176 ejus
2095 1093 2281 1176 jubet
2321 1104 2388 1158 et
2428 1099 2686 1178 praeci.-

325 1197 422 1279 pit
462 1196 623 1259 aliis.
670 1196 826 1260 Post
851 1196 998 1259 illos
1036 1204 1189 1259 sunt
1230 1192 1512 1279 quidam,
1556 1198 1666 1279 qui
1708 1196 1865 1278 (48
1882 1199 1989 1283 A)
2033 1198 2333 1264 dicuntur
2366 1204 2684 1286 compatri,

319 1300 386 1363 id
428 1308 551 1383 est,
592 1301 753 1363 socii
797 1301 963 1363 forte
983 1300 1125 1382 DL,
1169 1301 1339 1362 inter
1384 1319 1555 1384 quos
1591 1310 1809 1367 tamen
1852 1306 2050 1391 aliqui
2072 1306 2476 1389 praecellunt
2513 1306 2693 1391 aliis,
2740 1337 2763 1374 a

320 1414 386 1467 et
426 1404 583 1468 sunt
616 1405 745 1488 illi,
788 1406 899 1489 qui
941 1406 1159 1468 sciunt
1199 1404 1572 1469 discurrere
1617 1427 1735 1490 per
1778 1410 1969 1475 funes
2007 1412 2187 1475 sicut
2228 1412 2404 1494 catti,
2448 1420 2514 1473 et
2546 1427 2681 1476 -ve-

315 1511 642 1575 locissime
678 1527 796 1593 per
839 1512 1029 1574 funes
1083 1528 1294 1593 usque
1333 1511 1416 1572 ad
1474 1512 1711 1574 kebam
1777 1515 2185 1598 ascendunt,
2240 1527 2312 1578 et
2360 1517 2561 1579 erecti
2614 1516 2682 1578 in

332 1625 617 1678 antenna
661 1625 960 1699 currunt,
1023 1617 1215 1678 etiam
1260 1616 1326 1677 in
1372 1616 1784 1681 saevissimis
1848 1619 2382 1703 tempestatibus,
2445 1627 2511 1682 et
2555 1637 2681 1691 anq-

327 1722 565 1784 choras
606 1720 860 1802 tollunt,
902 1722 1317 1783 immittentes
1373 1711 1471 1781 se'
1503 1722 1696 1803 aq'uis
1774 1723 2110 1804 profiindis
2130 1769 2151 1806 ,
2211 1724 2272 1785 si
2321 1723 2678 1807 haeserint,

315 1834 384 1888 et
427 1826 997 1908 periculosissimis
1040 1825 1366 1888 laboribus
1414 1827 1744 1887 insistunt.
1793 1825 1964 1890 Sunt
2006 1837 2218 1891 autem
2261 1830 2685 1891 communiter

305 1930 585 2012 juvenes
635 1930 972 2013 agilissiml
993 1977 1013 2013 ,
1069 1932 1271 1994 vitam
1326 1948 1511 1993 suam
1575 1932 1764 2014 quasi
1845 1951 1963 2015 pro
2018 1934 2216 1996 nihile
2282 1941 2677 2015 reputantes,

316 2034 619 2118 audaces,
664 2045 730 2098 et
790 2045 944 2099 sunt
986 2037 1180 2099 etiam
1250 2037 1319 2098 in
1372 2034 1565 2119 gates
1641 2046 1961 2121 potentes,
2017 2040 2206 2121 quasi
2256 2038 2496 2101 milites
2552 2036 2676 2100 sub

318 2125 700 2211 baronibus(
771 2140 914 2226 sos
957 2142 1111 2207 ‘istis
1154 2151 1307 2204 sunt
1351 2141 1482 2225 alii,
1526 2141 1639 2225 qui
1681 2140 1981 2204 dicuntur
2022 2142 2348 2205 marinarii
2368 2188 2390 2226 ,
2436 2144 2549 2225 qui
2592 2138 2677 2204 ad

321 2244 643 2309 instantes
695 2245 949 2309 labores
995 2255 1283 2328 cantant,
1323 2249 1478 2329 quia
1529 2246 1789 2308 labores
1818 2244 2089 2308 navales
2130 2251 2283 2309 sunt
2320 2245 2672 2327 durissimi,

328 2366 453 2412 nec
496 2357 884 2414 exercentur
947 2351 1073 2412 nisi
1116 2359 1434 2413 concentu
1482 2350 1863 2431 hortatoris,
1913 2358 1981 2410 et
2022 2352 2448 2433 responsione
2490 2349 2678 2412 labo-

332 2463 638 2523 rator-um.
722 2455 837 2519 Sic
879 2455 974 2517 illi
1018 2454 1456 2516 lahorantibus
1499 2456 1838 2534 assistunt,
1879 2461 2165 2535 cantant,
2210 2456 2566 2536 hortantur,
2609 2462 2679 2516 et

323 2562 790 2643 percussiones
853 2560 1178 2621 minantur
1230 2559 1297 2619 in
1359 2556 1811 2620 stimulatione.
1914 2556 2131 2621 Onera
2195 2561 2388 2622 etiam
2439 2577 2679 2641 magna

322 2682 546 2727 eorum
591 2661 910 2725 industria
955 2660 1312 2724 trabuntur.
1400 2662 1487 2724 Et
1527 2671 1682 2725 sunt
1723 2664 2149 2725 communiter
2187 2664 2313 2726 viri
2371 2680 2567 2725 senes
2611 2671 2681 2725 et

314 2767 572 2831 maturi.
680 2767 891 2830 Inflmi
968 2764 1267 2828 dicuntur
1357 2765 1660 2848 galeotae
1717 2766 1828 2829 vel
1897 2765 2170 2849 galeoti,
2254 2766 2501 2848 primae
2565 2765 2677 2828 vel

318 2871 661 2937 secundae
723 2871 1218 2954 declinationis,
1289 2889 1455 2953 quos
1493 2870 1718 2934 ‘latine
1772 2872 2179 2935 nominamus
2229 2870 2509 2952 remiges
2567 2869 2679 2932 vel

325 2977 622 3061 remices,
672 2977 783 3063 qui
828 2978 896 3040 in
940 2977 1243 3039 transtris
1284 2975 1516 3039 sedent
1560 2975 1643 3039 ad
1690 2994 1904 3039 remos
1957 2975 2341 3057 trahentius-*3
2409 2985 2466 3037 et
2530 2985 2678 3037 suut

331 3085 423 3146 in·
441 3100 679 3166 magno
718 3099 1016 3164 numero,
1064 3090 1131 3143 et
1168 3099 1393 3144 omnes
1455 3082 1708 3164 grossi,
1763 3090 1831 3144 at
1872 3081 2109 3144 asinini
2153 3081 2409 3145 labores
2454 3101 2678 3145 erorum

320 3173 494 3270 sunt,
535 3188 623 3251 ad
661 3206 825 3271 quos
870 3186 1205 3252 faciendos
1248 3186 1657 3268 clamoribus,
1678 3185 2079 3261 verberibuS,
2120 3189 2678 3252 maledictionibus

322 3289 771 3359 stimulantur-t
816 3295 987 3356 sicut
1028 3294 1185 3376 equi
1249 3292 1563 3355 ducentes
1617 3298 1953 3353 oneratum
2011 3309 2261 3355 currum
2329 3313 2441 3373 per
2502 3293 2674 3353 tium

318 3397 559 3481 altam,
602 3400 713 3480 qni
779 3395 1041 3483 quando
1112 3395 1343 3459 fortius
1395 3398 1695 3478 trahunt,
1754 3405 1932 3458 tanto
1975 3398 2181 3480 magis
2229 3397 2674 3477 stimulantum

317 3504 416 3566 sic
456 3512 525 3565 et
565 3504 676 3565 isti
711 3503 950 3583 miseri,
974 3499 1234 3584 quando
1274 3519 1530 3587 omnem
1559 3509 1861 3564 conatum
1906 3502 1973 3564 in
2004 3501 2225 3563 labore
2264 3501 2527 3582 faciunt,
2553 3498 2677 3561 ad-

318 3609 447 3670 huc
486 3608 954 3696 percutiuntur,
978 3606 1061 3667 ad
1102 3604 1253 3687 plus
1306 3603 1692 3668 conandum.
1779 3603 2058 3668 Taedet.
2085 3625 2189 3669 me
2230 3605 2548 3687 scribere,
2608 3612 2675 3666 et

317 3714 549 3776 horreo
590 3713 877 3795 cogitare
914 3711 998 3774 de
1039 3709 1379 3773 tormentis
1422 3717 1489 3771 et
1546 3710 2086 3792 castigationibus
2144 3709 2403 3776 illorum
2461 3709 2675 3773 homi-

320 3837 505 3881 num:
547 3837 878 3901 nunquam
947 3815 1083 3879 vidi
1124 3814 1370 3878 bestias
1425 3813 1588 3877 adeo
1641 3814 1949 3877 atrociter
2003 3815 2295 3898 percuti,
2351 3816 2523 3878 sicut
2581 3812 2676 3877 illi

323 3925 693 3985 caeduntur.
797 3925 1138 4005 Coguntur
1202 3941 1398 4001 saepe
1462 3921 1716 3981 innisus
1772 3927 1838 3981 et
1901 3919 2204 3982 camisias
2284 3939 2326 3983 a
2416 3919 2675 4003 cingulo

325 4029 621 4089 deur-snm
653 4029 953 4109 pendere,
993 4041 1058 4089 st
1104 4029 1382 4089 brauliiis
1426 4025 1715 4105 seopulis
1757 4032 1825 4085 et
1868 4022 2335 4089 dom-nodato
2364 4027 2676 4109 laborare,

325 4145 393 4197 ut
457 4137 757 4213 uestigiis
821 4145 885 4193 ut
969 4133 1242 4213 flagellis
1314 4133 1569 4213 possint
1646 4130 1853 4211 tsuglv
1949 4128 2336 4211 Hs-galooti
2396 4140 2549 4196 sant
2607 4130 2675 4193 in

325 4237 665 4321 plurimum
705 4241 881 4301 sen-'i
929 4241 1198 4317 emptitii
1246 4233 1699 4317 pstrnnnrum',
1741 4233 2066 4299 vel-alias
2100 4244 2258 4299 sont
2318 4236 2472 4299 vilis
2514 4251 2679 4297 oen-

329 4341 609 4425 diilufliss,
657 4353 765 4405 sul
809 4345 1074 4425 captivi,
1122 4353 1230 4405 sut
1278 4341 1534 4421 fugitivi
1618 4341 1699 4401 ds
1751 4339 1979 4424 terris,
2030 4347 2146 4403 aut
2208 4338 2504 4423 expulsi,
2568 4344 2684 4400 aut

325 4449 577 4529 exules,
621 4449 725 4513 vul
757 4449 921 4513 aden
945 4449 1262 4525 infelices,
1302 4445 1474 4531 quud
1494 4453 1944 4529 superterram
1981 4447 2214 4510 vivere
2246 4461 2374 4507 non
2405 4449 2680 4525 possunt

2040 4723 2215 4828 s?
