3242 5259
1636 311 1767 379 418

532 492 743 565 terrae
781 502 1054 561 sanctae
1091 491 1374 577 signatis
1411 491 1855 578 indulgentias
1884 492 2056 577 (ἢ)
2086 492 2420 577 plenariae
2464 494 2873 565 remi-buta

530 600 904 684 accepimus
938 614 1088 663 cum
1130 598 1504 664 devotione.
1581 601 1659 662 In
1699 596 1982 683 quodam
2024 597 2429 682 peregrinan-
2459 599 2677 666 libello
2719 601 2876 686 legi,

529 705 703 790 quod
743 705 854 769 hic
894 702 1085 768 locus
1127 702 1452 788 quondam
1495 703 1617 767 fuit
1659 702 1875 767 datus·
1898 702 2203 769 fratribus
2224 701 2491 769 Ordinis
2512 704 2875 773 Praedica-

529 817 777 894 torum,
844 808 957 893 qui
1013 808 1104 871 ibt
1165 807 1513 873 ecelesiam
1555 817 1627 871 et
1687 806 2042 873 claustrum
2068 830 2083 847 ³
2107 806 2440 891 fecerunt,
2500 819 2569 874 et
2623 818 2875 896 petum

528 923 844 983 cavantes
888 922 1075 978 antra
1115 910 1537 995 profundiora
1576 911 1897 995 fecerunt,
1940 920 2011 976 et
2053 911 2138 976 ad
2178 921 2438 997 tempus
2479 914 2569 979 ibi
2609 915 2873 980 habita-

521 1028 780 1087 verunt.
889 1017 1180 1083 Tandem
1243 1027 1508 1102 propter
1569 1016 1927 1082 infidelium
2008 1016 2290 1081 insultus
2364 1025 2431 1081 et
2494 1017 2874 1103 frequentes

524 1122 1067 1208 depraedationes
1121 1132 1189 1188 et
1224 1124 1607 1213 invasiones
1648 1121 1804 1187 inde
1842 1124 2165 1206 emigrare
2206 1130 2274 1186 et
2314 1120 2526 1187 locum
2570 1121 2874 1186 deserere

526 1228 844 1312 compulsi
887 1218 1039 1290 sunt
1053 1272 1074 1310 ,
1116 1238 1186 1293 et
1219 1228 1325 1293 -it‘a
1365 1231 1665 1293 ecclesia-
1721 1238 1791 1293 et
1829 1228 2134 1293 officinae
2199 1236 2267 1291 et
2328 1229 2549 1291 emnia
2611 1226 2875 1290 fuerunt

525 1335 594 1398 in
635 1333 901 1398 nihilum
949 1332 1234 1397 redacta.
1319 1335 1519 1417 Hune
1560 1332 1775 1397 locum
1816 1342 1968 1416 post
2006 1333 2492 1416 peregrinorum
2510 1382 2515 1387 .
2533 1342 2867 1397 recessum

526 1440 817 1504 crebrius
862 1437 1015 1523 adii,
1059 1445 1128 1500 et
1166 1436 1362 1500 horas
1404 1454 1588 1502 meas
1632 1440 1702 1501 in
1754 1457 1834 1502 eo
1877 1438 2041 1523 legi,
2085 1446 2273 1502 antra
2314 1437 2455 1500 eius
2500 1435 2874 1521 diligentius

525 1541 832 1628 lustravi,
901 1550 972 1606 et
1029 1561 1511 1628 nonnumquam
1584 1542 1931 1608 videbatur
1988 1531 2179 1627 mihi,
2250 1541 2427 1626 quod
2486 1543 2872 1611 interessem

453 1664 466 1681 “
526 1649 877 1714 conventui
919 1638 1228 1730 fratrum,
1295 1657 1361 1712 et
1410 1666 1497 1711 ex
1538 1647 1738 1711 corde
1788 1648 2092 1715 laetabar.
2179 1647 2317 1713 Sed
2365 1647 2518 1712 dum
2560 1665 2666 1710 me
2706 1664 2874 1710 con-

524 1755 694 1818 verti
758 1753 842 1816 ad
903 1742 1341 1817 miserabilem
1406 1751 1533 1816 loci
1612 1752 2112 1837 desolationem,
2189 1760 2477 1816 moestus
2538 1750 2870 1815 sedebam.

526 1860 874 1941 congruus
917 1849 1130 1919 autem
1173 1855 1368 1918 valde
1406 1866 1547 1919 erat
1603 1856 1713 1921 hic
1758 1858 1944 1923 locus
1987 1878 2105 1942 pro
2167 1856 2474 1922 fratribus
2516 1853 2873 1919 Praedica-

527 1965 812 2047 toribus,
855 1970 924 2025 et
985 1958 1181 2023 hodie
1246 1958 1430 2023 locus
1496 1963 1874 2044 aptissimus
1936 1972 2148 2048 esset,
2218 1964 2279 2026 si
2320 1970 2584 2026 caetera
2645 1967 2903 2023 essent·

527 2069 708 2155 paria
727 2112 747 2149 ,
821 2075 892 2129 ut
937 2067 1007 2127 in
1067 2082 1145 2127 eo
1208 2063 1573 2128 habitarent
1637 2067 1906 2152 fratres,
1971 2076 2234 2151 propter
2291 2067 2510 2150 plures
2575 2081 2869 2129 caussas.

527 2176 582 2240 1.
625 2174 898 2256 Propter
939 2170 1125 2235 illum
1178 2170 1483 2233 eximium
1526 2170 2068 2256 praedicatorem,
2110 2173 2218 2237 cui
2246 2170 2385 2241 ille,
2422 2189 2664 2254 specus
2707 2187 2870 2233 con-

530 2279 743 2344 fectus
784 2285 921 2359 est,
962 2276 1029 2341 h.
1073 2293 1130 2337 e.
1176 2284 1436 2361 propter
1476 2284 1779 2341 smctum
1820 2273 2141 2342 Jacobum
2182 2276 2607 2360 Apostolum,
2648 2275 2781 2358 qni.
2802 2273 2869 2338 in

532 2393 684 2467 actu
719 2380 1225 2467 praedicationis
1267 2381 1559 2446 existens
1597 2391 1663 2445 et
1723 2383 2064 2445 veritatem
2121 2381 2509 2465 praedicans
2578 2378 2663 2443 de
2705 2396 2871 2443 can-

527 2489 716 2555 cellis
783 2488 904 2553 fnit
967 2485 1468 2569 praecipitatus,
1519 2496 1586 2549 et
1648 2486 1923 2551 claudus
1989 2487 2222 2581 fgctus.
2308 2478 2447 2549 Sed
2502 2500 2629 2549 nec
2681 2486 2786 2547 sio
2828 2502 2871 2546 a

532 2592 1012 2679 praedicatione
1074 2588 1401 2674 cessavit,
1465 2590 1673 2655 donec
1736 2592 1821 2658 de
1863 2591 2086 2674 templi
2138 2590 2488 2674 pinnaculo
2537 2589 2871 2673 projectus

533 2699 720 2781 obiit,
791 2707 858 2762 et
899 2697 986 2761 de
1047 2695 1419 2767 Jerusalem
1478 2695 1608 2760 huc
1661 2706 1956 2779 portatus
1998 2705 2066 2759 et
2104 2695 2403 2779 sepultus
2470 2694 2612 2759 faia
2702 2690 2869 2771 Quis

532 2812 746 2867 autem
787 2799 1199 2885 sepulchrum
1240 2808 1369 2864 tam
1426 2804 1788 2866 constantis
1831 2798 2296 2885 praedicatoris
2317 2800 2444 2864 Dei
2482 2797 2868 2887 possideret,

533 2909 662 2972 nisi
697 2908 977 2989 fratres,
1021 2923 1291 2988 qnorum
1333 2905 1622 2988 initium,
1670 2904 1988 2990 medium,
2045 2915 2117 2970 et
2152 2905 2306 2969 finis
2361 2915 2428 2968 et
2489 2924 2729 2971 nomeu
2764 2910 2866 2965 est

528 3007 955 3097 praedicare?
1000 3009 1100 3073 Ob
1138 3010 1265 3073 hec
1302 3009 1371 3073 in
1415 3012 1627 3074 n‘ostri
1648 3009 1913 3074 Ordinis
1948 3010 2128 3077 initio
2170 3009 2407 3077 tradita
2438 3010 2562 3075 fnit
2589 3007 2869 3073 ecclesia

531 3116 605 3179 S.
646 3115 880 3180 Jacobi
927 3114 1280 3195 Parisinis,
1345 3116 1458 3180 ubi
1518 3133 1730 3198 usque
1774 3114 1967 3179 hodie
2009 3115 2426 3200 insigniorem
2474 3123 2865 3181 conventum

529 3219 845 3284 habemus
887 3225 1321 3285 &contorum
1383 3219 1652 3282 fratrum
1708 3227 1777 3281 et
1817 3218 2104 3285 studium
2171 3238 2516 3313 magnum,
2583 3219 2758 3284 unde
2795 3220 2866 3282 in

530 3320 659 3387 illis
697 3322 863 3387 locis
909 3322 1321 3387 nominantur
1361 3323 1598 3386 fratres
1636 3321 2118 3405 praedicatores
2133 3369 2155 3408 ,
2208 3320 2463 3391 „fratres
2496 3325 2569 3388 S.
2611 3323 2862 3391 Jacobi.

674 3429 756 3493 11.
803 3424 1021 3505 Quare
1069 3425 1177 3489 hic
1227 3424 1410 3490 locus
1454 3427 1761 3491 fratribus
1802 3427 2359 3510 praedicatoribus
2400 3432 2867 3517 congrnlgpst

531 3533 782 3598 ratione
847 3531 1160 3595 virtutum
1224 3538 1294 3595 et
1363 3534 1767 3597 constantiae
1819 3533 1998 3598 illins
2052 3534 2375 3619 Apostoli.
2478 3537 2632 3600 Fuit
2693 3534 2865 3599 enim

528 3639 720 3723 virgo
757 3645 1131 3721 perpetuus,
1172 3645 1237 3699 et
1278 3638 1418 3701 vita
1452 3644 1630 3703 totns
1673 3635 1880 3721 (158
1899 3639 2003 3721 A)
2067 3639 2499 3724 apostolicus,
2542 3649 2611 3704 et
2652 3639 2866 3704 devo-

530 3744 839 3827 tissimus,
859 3750 928 3807 nt
968 3749 1148 3826 patet
1186 3741 1295 3807 fol.
1323 3742 1463 3809 106.
1491 3743 1603 3829 A„
1646 3760 1816 3829 quae
1858 3745 2076 3811 omnia
2114 3753 2482 3845 congru-unt
2518 3744 2862 3829 praedica-

529 3848 794 3912 toribus.
1003 3890 1014 3901 -

694 3975 806 4038 111.
851 3972 1046 4038 Ratio
1097 3976 1333 4040 montis
1375 3974 1619 4041 oliveti
1638 4018 1660 4060 ,
1724 3979 1838 4062 qui
1900 3995 2122 4063 mons,
2185 3987 2259 4043 ut
2300 3977 2540 4043 dictum
2604 3984 2709 4040 est
2748 3973 2859 4040 t'ol.

531 4078 701 4165 151„
741 4080 1100 4145 illustratur
1140 4080 1493 4146 luminibus
1556 4081 1778 4165 templi
1840 4080 2099 4148 Domini
2162 4090 2233 4147 et
2272 4082 2433 4148 solis
2484 4089 2556 4145 et
2610 4080 2755 4146 olel·
2794 4087 2864 4142 et

527 4186 950 4250 ecclesiarum
990 4183 1410 4269 lampadibus.
1455 4185 1572 4251 Sic
1611 4185 1789 4251 Ordo
1830 4187 2355 4253 Praedicatornm
2398 4185 2636 4251 dicitnr
2674 4200 2863 4250 mons

525 4290 835 4354 luminum
848 4336 870 4376 ,
912 4290 1068 4376 quia
1106 4290 1463 4355 illustratur
1506 4291 1783 4356 scientia
1822 4292 2269 4376 theologicali,
2326 4309 2498 4376 quae
2537 4308 2580 4354 a
2621 4289 2861 4372 templo

523 4389 649 4455 Dei
701 4393 1025 4479 procedit,
1078 4406 1144 4459 et
1184 4394 1459 4461 scientia
1515 4395 1777 4479 morali,
1841 4414 2014 4480 qnae
2055 4398 2139 4464 de
2208 4398 2351 4463 sole
2400 4395 2736 4480 splendet,
2791 4400 2859 4456 et
