3242 5259
1377 319 1507 384 ⁴⁶5

280 599 397 674 De
445 597 614 673 loco
661 597 1063 674 nativitatis
1123 593 1439 690 Christi,
1523 596 1758 695 qualis
1816 597 2034 674 fuerit
2095 607 2172 675 et
2222 601 2319 677 sit
2365 601 2605 681 hodie:

440 798 823 867 Nativitatis
880 797 1237 862 dominicae
1296 798 1481 863 locus
1535 818 1664 863 non
1727 809 1868 865 erat
1907 802 1976 864 in
2019 801 2285 886 oppido,
2329 805 2447 867 sed
2489 806 2629 869 ad-

282 904 594 970 haerebat
649 903 937 967 civitatis
998 921 1180 966 muro
1241 903 1312 965 in
1382 901 1662 968 declivio
1716 905 1801 968 ad
1864 915 2111 988 partem
2175 907 2614 990 aquilonarem

281 1008 522 1099 oppidi,
564 1009 736 1073 sicut
779 1004 973 1072 hodie
1014 1015 1210 1091 patet.
1295 1007 1400 1070 De
1437 1008 1563 1071 hoc
1605 1007 1982 1075 dulcissimo
2025 1010 2169 1076 loco
2189 1011 2471 1075 delectat
2511 1032 2617 1077 me

282 1113 491 1198 loqui,
535 1115 707 1176 sicut
748 1120 814 1174 et
851 1110 1215 1177 delectatus
1282 1111 1376 1175 fui
1417 1113 1484 1173 in
1551 1130 1632 1176 eo
1694 1115 1965 1199 morari,
2032 1125 2101 1179 et.
2157 1115 2309 1180 volo
2374 1115 2614 1201 dicere,

281 1218 494 1304 qualis
538 1217 722 1280 locus
762 1215 873 1278 ille
922 1216 1116 1279 fuerit

345 1336 349 1340 *
447 1323 498 1384 1.
542 1320 723 1383 Ante
748 1318 997 1383 Christi
1040 1318 1387 1385 adventum
1450 1331 1741 1406 tempore
1787 1321 2100 1406 judicum,
2143 1324 2618 1408 prophetarum,

280 1436 345 1491 et
388 1445 610 1509 regum
652 1422 891 1489 Judae.

451 1530 651 1593 11.1u
693 1528 1033 1592 nativitate
1063 1526 1329 1613 Christi,
1374 1549 1504 1613 qno
1543 1532 1757 1595 Maria
1777 1530 2106 1595 Christum
2151 1533 2217 1595 in
2256 1549 2339 1595 ea
2372 1531 2635 1616 genuit,

275 1634 502 1720 qualis
547 1634 758 1697 suerit.
1730 1644 1753 1665 ⁴

448 1734 561 1802 111.
606 1737 768 1800 Post
809 1735 1010 1801 nativ.
1056 1733 1323 1819 Christi,
1371 1754 1498 1821 quo
1540 1735 1936 1804 Judaeorum
1996 1739 2241 1804 malitia
2284 1741 2474 1805 etiam
2540 1744 2611 1802 in
2685 1778 2691 1787 ·

287 1847 503 1929 ipsum
546 1842 758 1906 locum
799 1837 1138 1903 desaeviit.

444 1946 562 2010 IV.
606 1945 924 2028 Tempore
954 1944 1268 2026 Helenae,
1314 1962 1484 2028 quae
1520 1944 1730 2009 locum
1774 1945 1982 2028 gloria
2027 1955 2092 2009 et
2127 1947 2369 2011 honore
2411 1948 2616 2032 pluri-

285 2072 459 2119 mum
509 2049 877 2115 illustravit.

449 2156 535 2220 V.
580 2152 895 2235 Tempore
936 2148 1007 2214 S.
1051 2152 1408 2236 Jeronymi,
1453 2156 1563 2237 qui
1620 2156 1973 2220 sanctitate
2014 2165 2081 2219 et
2145 2152 2467 2218 miraculis
2529 2155 2627 2218 ibi

291 2260 540 2323 claruit.

347 2442 356 2451 υ
455 2364 563 2441 Vl.
608 2361 924 2445 Tempore
965 2377 1411 2457 perversorum
1464 2369 1527 2424 et
1573 2361 1882 2426 malorum
1927 2363 2471 2445 Christianorum,
2509 2363 2622 2445 qui

289 2467 429 2532 loca
470 2466 998 2550 profanaverunt.
2028 2474 2049 2495 ·

456 2569 609 2638 Vll.
656 2571 973 2654 Tempore
1003 2568 1543 2652 Sarracenorum‚
1595 2568 1706 2652 qui
1746 2568 1959 2649 ipsum
2003 2586 2210 2652 paene
2246 2572 2313 2634 in
2356 2568 2620 2636 nih'ilum

291 2675 711 2759 redegerunt,
755 2683 824 2738 et
865 2676 934 2738 in
974 2674 1356 2739 hodiernum
1403 2680 1647 2737 etatum
1689 2674 1991 2737 miserum
2042 2672 2462 2740 deduxerunt.

420 2798 750 2879 Quantum
790 2798 876 2863 ad
916 2801 1210 2887 primum,
1253 2799 1464 2884 qualis
1505 2797 1691 2862 loeus
1734 2799 2099 2862 nativitatis
2139 2798 2385 2867 Christi
2427 2800 2623 2865 fuerit

291 2913 445 2968 ante
481 2903 830 2971 adventum
848 2904 1129 2986 Domini,
1171 2903 1528 2986 sciendum,
1571 2901 1744 2986 quod
1768 2903 2055 2988 Salmon,
2090 2903 2267 2968 filius
2295 2904 2621 2986 Naasson,

289 3009 542 3092 accepit
584 3009 652 3071 ἰιι
693 3026 959 3091 uxorem
1000 3006 1224 3089 Raab,
1267 3006 1667 3070 meretricem
1713 3006 1795 3070 de
1831 3007 2137 3091 saricho,
2201 3017 2271 3072 et
2322 3018 2464 3072 erat
2510 3009 2625 3073 ille

289 3112 560 3177 Salmon
601 3129 772 3177 unus
816 3110 899 3175 de
941 3111 1305 3195 praecipuis
1360 3110 1759 3195 principibus
1798 3111 2017 3196 populi
2058 3114 2262 3178 Israel
2280 3158 2301 3197 ,
2364 3114 2627 3197 quando

290 3218 570 3281 transito
609 3215 901 3281 Jordane
938 3217 1397 3299 expugnabant
1453 3225 1710 3279 terram.
1798 3217 1930 3279 Hic
1992 3234 2137 3281 cum
2173 3218 2361 3283 Raab
2420 3236 2624 3284 uxore

290 3318 590 3403 possedit
632 3320 1033 3403 Bethlehem,
1074 3328 1143 3383 et
1185 3327 1324 3383 erat
1366 3317 1596 3394 domus
1623 3318 1897 3383 castelli.
1981 3321 2375 3387 Aedificavit
2408 3334 2620 3387 autem

293 3421 381 3485 ad
425 3440 673 3485 murum
714 3423 838 3486 eibi
879 3423 1194 3507 grandem
1232 3422 1723 3507 habitationem,
1765 3417 1891 3506 it'a,
1933 3425 2109 3507 quod
2148 3444 2279 3490 non
2322 3436 2462 3490 erat
2502 3445 2625 3490 sua

289 3526 600 3595 habitatio
642 3518 978 3595 moenibus
1018 3528 1237 3612 oppidi
1279 3528 1578 3611 inclusas
1633 3526 1755 3592 sed
1805 3547 1925 3612 per
1980 3547 2058 3592 ae
2115 3530 2394 3614 firmata,
2455 3532 2625 3595 sicut

207 3694 216 3703 ,
289 3633 492 3697 etiam
548 3632 617 3694 in
674 3631 964 3716 partibus
1005 3632 1269 3699 -noetris
1322 3631 1562 3696 domini
1626 3635 1961 3697 civitatum
2026 3635 2265 3698 habent
2322 3636 2626 3709 seclusas

286 3737 731 3802 habitationes
786 3734 870 3799 ad
927 3734 1181 3799 mnrum
1246 3736 1577 3805 harenton.
1674 3737 1897 3801 Porro·
1931 3738 2077 3820 ipsa
2137 3739 2442 3804 habitatio
2505 3740 2627 3807 fnit

285 3840 567 3906 mndata
608 3857 806 3924 snper
846 3848 1088 3924 petras,
1131 3849 1197 3903 et
1219 3840 1310 3903 ibi
1335 3849 1480 3904 erat
1508 3850 1696 3924 petra
1718 3860 1887 3906 cava
1906 3841 2057 3926 (B)
2078 3844 2326 3909 hahens
2355 3861 2625 3927 specum

286 3955 514 4031 aptum
557 3944 641 4009 ad
675 3943 1051 4028 ponendum
1093 3946 1162 4009 in
1202 3962 1349 4007 eum
1391 3962 1520 4028 res,
1564 3964 1734 4029 qnae
1786 3945 2067 4011 colorem
2109 3948 2437 4011 sustinere
2493 3966 2631 4011 non

285 4056 592 4133 possunt,
629 4049 806 4113 sicut
846 4050 1201 4133 cellarium,
1244 4056 1314 4112 et
1348 4047 1606 4132 qnando
1649 4057 1839 4115 erant
1880 4053 2098 4135 magni
2139 4052 2426 4134 caloreS,
2470 4051 2627 4114 dor—

290 4152 583 4216 miebant
623 4154 692 4217 in
734 4172 818 4218 eo
861 4154 1189 4237 homin-s,
1254 4161 1321 4216 et
1362 4171 1722 4237 puerperae
1762 4157 1831 4217 in
1889 4173 1970 4220 eo
2022 4156 2390 4239 pariebant,
2453 4153 2629 4218 nude

292 4250 484 4317 Raab
528 4260 751 4338 genuit
792 4260 860 4323 in
903 4278 982 4324 eo
1025 4261 1231 4344 Bon,
1290 4259 1401 4341 qui
1460 4268 1611 4341 post
1666 4267 1933 4323 mortem
1984 4262 2189 4344 patrie
2253 4261 2355 4323 sui
2412 4257 2627 4321 factus

298 4354 426 4420 fuit
460 4357 666 4440 judex
737 4350 934 4429 totin's
987 4366 1205 4450 populi
1247 4362 1449 4427 lsrael
1503 4373 1571 4427 et
1613 4363 1911 4430 dominus
1973 4367 2041 4430 ιιι
2082 4360 2495 4444 Bethlehem,
2562 4369 2628 4422 et

2141 4465 2212 4522 30
