3242 5259
1611 353 1753 424 252

483 511 1095 642 qsfiolfim'parvmu,
1140 537 1262 603 sed
1302 537 1583 603 ferreum
1627 548 1694 601 et
1734 535 2237 622 dilgentissime
2272 537 2609 620 clausum-3
2630 538 2852 624 itaque

482 659 616 710 nos
653 646 863 727 patuit
928 643 1115 708 nobis
1157 648 1540 727 ingressus,
1605 652 1674 706 et
1734 646 1795 708 si
1848 643 2174 728 patffisset
2234 643 2424 706 nobis
2486 643 2849 728 ingressus,

421 797 438 812 .
488 749 832 816 manifeste
892 747 1149 831 ingredi
1191 749 1336 813 susi
1377 766 1523 820 non,
1551 748 1936 832 fuisserrms,
2000 748 2156 831 quia
2189 749 2509 812 muschea
2545 765 2848 813 sarrece-

419 917 436 932 ,
465 843 636 920 ¹'nisa
676 862 796 916 est.
844 852 972 917 Hic
1013 853 1201 917 locus
1244 853 1701 917 sanctissimus
1742 863 1878 939 est,
1941 872 2137 938 quem
2192 853 2555 919 Christiani
2613 871 2842 918 omnes

435 959 456 988 '
484 968 554 1022 et
594 958 831 1022 Judaei
871 966 940 1021 et
981 957 1330 1022 Sarraceni
1372 967 1785 1022 venerantur.
1873 959 2001 1023 Est
2063 960 2235 1023 enim
2277 960 2456 1023 intus
2506 958 2848 1043 sepultura

485 1064 942 1148 prophetarum
1011 1071 1075 1125 ot
1148 1080 1373 1147 regum
1444 1073 1849 1147 sanctorum,
1926 1073 2084 1148 puts
2142 1063 2392 1146 David,
2457 1062 2847 1147 Salomonis,

486 1167 802 1251 Roboam,
825 1167 1056 1250 Abise,
1075 1167 1274 1251 Asse,
1295 1167 1519 1231 Joram
1537 1174 1690 1253 etc„
1714 1169 1949 1254 quibus
1975 1167 2389 1231 texitnrliber
2407 1170 2849 1254 generationis

484 1273 654 1337 Jesu
717 1272 998 1355 Christi,
1059 1273 1294 1336 Matth.
1369 1274 1432 1338 1.
1519 1274 1608 1337 Et
1663 1275 1771 1339 hic
1823 1274 2009 1338 loeus
2072 1273 2143 1336 in
2217 1272 2400 1340 libris
2466 1273 2723 1357 Regum
2782 1282 2849 1336 ct

483 1376 1021 1461 Paralipomenon
1060 1394 1261 1462 saepe
1302 1377 1705 1464 designatur,
1746 1377 2007 1465 quando
2048 1377 2314 1444 diciturz
2386 1377 2685 1462 sepultus
2747 1387 2851 1442 est

483 1482 552 1547 in
594 1482 949 1547 Ierusalem
990 1483 1058 1547 in
1121 1484 1465 1568 sepulchro
1509 1494 1764 1568 patrum
1830 1503 2097 1550 suorum
2153 1485 2221 1548 in
2294 1484 2557 1547 civitate
2610 1483 2852 1551 David.

485 1587 604 1652 Isti
642 1605 833 1671 reges
874 1605 1023 1651 cum
1088 1592 1373 1654 maxima
1426 1592 1778 1655 ambitione
1821 1591 1908 1655 ibi
1969 1591 2230 1654 fuerunt
2293 1588 2558 1672 sepulti.
2668 1588 2845 1654 Dicit
2868 1667 2883 1686 ·

419 1775 428 1784 ε
487 1695 658 1755 enim
696 1691 1029 1776 Iosephus
1069 1694 1175 1758 lib.
1220 1694 1282 1758 ⁸7.
1363 1696 1667 1781 Antiquit
1707 1713 1849 1780 cap.
1897 1697 1998 1762 1⁶.
2045 1705 2111 1759 et
2152 1693 2474 1777 Magister
2522 1692 2591 1760 in
2646 1695 2849 1757 scho—

411 1845 428 1862 .
487 1796 721 1860 lastics
757 1797 1028 1860 historia
1066 1796 1151 1860 de
1193 1810 1398 1864 morte
1437 1800 1652 1864 David
1677 1845 1699 1883 ‚
1741 1799 1917 1885 qued
1960 1807 2211 1863 mortuo
2253 1797 2485 1861 David
2541 1797 2848 1861 Salomon

489 1897 664 1966 filius
709 1902 854 1984 ejus
886 1919 1124 1984 corpus
1164 1904 1370 1986 patris
1406 1905 1475 1969 in
1539 1905 1821 1970 loculum
1868 1905 2409 1990 pretiosissimum
2459 1903 2715 1985 posuit,
2782 1916 2850 1970 ct

489 2025 636 2072 cum
696 2025 776 2070 eo
832 2006 1369 2072 inaestimabilem
1418 2012 1793 2074 thesaurum
1856 2010 1997 2074 auri
2039 2019 2105 2073 et
2147 2008 2402 2092 argenti
2461 2005 2841 2074 recondidit.

469 2114 768 2196 Insuper
803 2112 929 2176 sibi
970 2111 1097 2194 ipsi
1154 2112 1434 2178 loculum
1502 2116 2042 2200 pretiosissimum
2112 2133 2241 2178 non
2304 2113 2389 2177 de
2461 2112 2681 2196 lupide
2735 2121 2849 2175 aut

493 2217 699 2301 ligno,
741 2217 864 2282 sed
908 2215 993 2279 de
1034 2214 1243 2280 electo
1281 2234 1438 2282 auro
1474 2220 1800 2305 lapidibus
1839 2222 2148 2304 pretiosis
2210 2227 2435 2284 ornato
2488 2217 2851 2300 fsbmfecig

496 2330 564 2385 et
601 2339 682 2384 eo
723 2321 1033 2386 defuncto
1088 2321 1382 2389 Roboam
1438 2324 1613 2390 illius
1668 2328 1813 2390 eius
1868 2328 2166 2410 apposito
2233 2339 2473 2408 magno
2540 2322 2850 2385 thesauro

493 2426 804 2510 sepelivit
857 2426 1049 2509 iuxta
1092 2426 1372 2492 loculum
1423 2429 1659 2496 David.
1759 2429 1961 2494 Porro
2012 2429 2324 2494 Salomon
2382 2438 2520 2492 arte
2573 2426 2854 2513 quedam

481 2525 954 2595 'mathematica
1007 2535 1097 2595 ita
1151 2532 1363 2598 locum
1428 2535 1768 2619 sepultura
1813 2535 1989 2599 illius
2053 2535 2214 2600 feeit
2236 2579 2256 2618 ,
2314 2533 2486 2618 quod
2536 2551 2728 2596 nemo
2766 2531 2851 2595 sd

496 2634 747 2700 lucidos
789 2636 938 2700 illos
978 2647 1229 2720 poterat
1271 2641 1513 2704 venire.
1601 2641 1764 2705 Post
1806 2650 2062 2723 tempus
2109 2646 2326 2703 autem
2370 2636 2548 2702 mille
2589 2646 2853 2701 tercen-

493 2748 704 2804 torum
726 2758 1033 2806 annorum
1078 2762 1121 2807 a
1161 2747 1439 2809 transitu
1459 2745 1849 2829 Salomonis,
1880 2743 2033 2810 dum
2056 2741 2462 2808 obsideretur
2493 2741 2845 2806 Ierusalem

495 2846 578 2908 ab
620 2846 945 2912 Antiocho
985 2848 1122 2912 filio
1161 2849 1494 2932 Demetrii,
1531 2851 1867 2914 {lircanus
1923 2857 2194 2913 sanctae
2234 2848 2519 2912 civitatis
2559 2846 2851 2930 pontifex

467 2943 892 3018 'obsidionem
936 2972 1066 3017 non
1109 2954 1349 3040 ferens,
1373 2975 1497 3021 nec
1539 2973 1901 3040 repugnare
1921 2956 2172 3037 velens,
2208 2953 2503 3036 promisit
2520 2949 2842 3015 Antiocho

457 3041 843 3150 ¹[pecuniam
896 3066 971 3121 ut
1013 3058 1363 3122 recederet.
1449 3060 1642 3126 Unde
1683 3078 1829 3124 cum
1883 3062 1952 3124 in
1996 3061 2319 3125 thesauris
2361 3056 2582 3141 templi
2621 3073 2849 3139 parum

499 3159 844 3243 inveniret,
885 3170 952 3224 et
994 3164 1180 3226 cives
1218 3163 1585 3229 Jerusalem
1628 3183 1950 3250 pauperes
2035 3182 2166 3228 nou
2207 3164 2553 3245 haberent,
2611 3178 2850 3225 ascen-

499 3263 592 3332 dit
632 3266 927 3348 pontifex
968 3269 1037 3329 in
1081 3277 1359 3332 montem
1404 3268 1590 3353 Syou
1631 3279 1699 3334 et
1737 3271 1930 3353 hunc,
1964 3268 2048 3333 de
2085 3288 2214 3354 quo
2255 3268 2594 3353 loquimur,
2637 3266 2848 3330 locum

495 3369 768 3454 aperuit,
813 3380 880 3436 et
925 3370 1048 3435 tria
1089 3372 1264 3437 milia
1306 3373 1548 3438 talenta
1590 3378 1730 3440 auri
1772 3375 1927 3439 inde
1966 3374 2223 3458 accepit
2273 3381 2342 3436 et
2402 3390 2551 3436 cum
2605 3370 2850 3434 Antio-

499 3475 624 3539 che
658 3493 882 3560 pacem
928 3477 1109 3542 fecit.
1191 3478 1422 3543 Multis
1462 3479 1697 3545 deinde
1739 3481 1931 3545 amnis
1970 3479 2218 3563 elapsis
2269 3476 2569 3542 Herodes
2621 3473 2849 3539 defec-

499 3577 632 3645 tum
675 3582 1085 3665 pecuniarum
1129 3586 1386 3668 patiens
1429 3582 1588 3664 (98
1611 3586 1743 3670 A),
1786 3603 1933 3648 cum
1976 3584 2339 3648 audivisset
2355 3582 2712 3645 Hireanum
2760 3579 2850 3643 ibi

498 3687 839 3772 pecuniam
883 3688 1240 3772 iuvenisse,
1264 3697 1458 3754 nocte
1488 3708 1637 3753 cum
1679 3691 1803 3754 sibi
1845 3689 2302 3753 secretissimis
2344 3684 2602 3751 occulte
2636 3684 2847 3748 locum

496 3790 671 3856 hunc
709 3793 1068 3875 imgressus
1103 3803 1234 3876 est‚·
1268 3804 1334 3858 et
1376 3795 1636 3860 nullam·
1662 3795 1920 3881 quidem
1963 3793 2307 3878 pecuniam
2372 3792 2664 3873 invenit,
2727 3788 2848 3853 sed

494 3895 1016 3981 vass‘quaedam
1068 3914 1269 3962 aurea
1309 3906 1379 3963 et
1419 3910 1731 3985 argentea
1776 3897 2037 3984 protulit
2057 3940 2082 3980 ‚
2139 3899 2376 3982 quibus
2431 3895 2707 3960 allectus
2763 3893 2849 3959 sd

493 4000 876 4084 profundius
918 4001 1353 4083 quaerendum
1398 4007 1772 4086 conabatur,
1814 4021 2025 4088 usque
2064 4002 2147 4067 ad
2188 4020 2389 4070 urnas
2468 4010 2531 4064 et
2594 3998 2848 4066 loculos

491 4103 707 4168 David
748 4113 813 4168 et
855 4104 1223 4170 Salomonis
1265 4116 1623 4191 penetrare.
1693 4108 1840 4171 Duo
1877 4117 2096 4174 autem
2158 4107 2478 4171 satellites
2527 4104 2847 4168 fodientes

403 4255 418 4266 .
491 4209 767 4274 flammis
803 4210 883 4273 ab
927 4211 1214 4276 interiori
1258 4222 1443 4296 parte
1482 4212 1992 4277 'occurrentibus
2056 4214 2272 4275 exusti
2344 4219 2415 4275 ct
2471 4208 2844 4291 consumpti

488 4325 680 4399 sunt,
731 4314 907 4400 quod
964 4333 1082 4379 rex
1135 4315 1370 4380 vIdcns
1435 4333 1583 4381 cum
1639 4318 1921 4382 coeteris
1976 4317 2143 4400 fugit
2172 4361 2193 4399 ‚
2277 4325 2341 4379 et
2398 4335 2515 4400 pro
2584 4313 2842 4398 piamlo

487 4430 968 4486 monumentum
991 4439 1078 4485 ex
1109 4420 1324 4505 lapide
1341 4421 1617 4490 candido
1640 4422 2179 4505 pretiosissimum
2217 4423 2604 4488 construxit.
2639 4422 2839 4484 Hune
2890 4417 2915 4426 ’“
