3242 5259
632 473 895 556 longam
921 474 1137 535 autem
1164 444 1654 548 navigationem
1693 467 2114 548 pen-vetamus
2142 440 2502 545 ad'ioeltloo
2529 459 2966 549 empoleos,

626 587 697 642 et
759 585 1026 640 ventum
1092 591 1221 634 non
1292 571 1702 653 habuimu8,.
1743 566 1876 637 net?
1923 572 2395 651 -transivtmus,
2458 570 2588 633 nisi
2613 581 2965 654 -quantum

626 684 1028 768 galeotarum
1063 679 1250 762 pigro
1301 685 1512 755 tractu
1555 677 1754 740 remis
1789 677 2211 755 moliamur
2249 676 2576 759 paulatim.

789 788 1110 850 Venimus
1151 791 1366 845 antem
1408 781 1490 844 ad
1533 782 2133 866 locum-mendam,
2172 782 2286 847 ubi
2323 790 2454 853 stat
2486 781 2725 847 civitas
2765 799 2966 866 snpra

623 910 830 974 marc,
904 892 971 955 in
1042 897 1292 971 monte,
1361 889 1531 951 bene
1595 897 1878 972 murata,
1949 886 2070 951 sed
2141 885 2423 951 totaliter
2489 886 2783 951 desolata
2847 908 2965 973 per

618 997 924 1061 draconis
965 995 1302 1078 cujusdam
1347 995 1602 1077 flatum,
1663 1003 1736 1057 ut.
1775 1001 2007 1076 postea
2049 989 2334 1075 dicatur,
2380 999 2446 1054 et
2489 1004 2964 1076 consequenter

624 1103 793 1169 inter
836 1111 1142 1166 montana
1199 1098 1491 1164 taediosa
1544 1101 1963 1182 navigatione
2019 1106 2431 1161 transeuntes
2474 1098 2557 1173 ad
2601 1099 2961 1167 districtum

625 1206 946 1290 quendam
996 1206 1330 1290 venimus,
1398 1206 1508 1269 ubi
1566 1204 1761 1292 galea
1815 1204 1951 1267 fixa
2006 1220 2204 1286 snper
2269 1221 2475 1287 aquas
2528 1204 2772 1289 stabat,
2835 1222 2962 1268 nec

622 1315 817 1379 reims
852 1312 990 1377 huc
1036 1321 1144 1374 aut
1188 1310 1346 1374 illuc
1390 1313 1639 1376 moveri
1679 1318 1965 1394 poterat;
2030 1308 2182 1392 sed,
2224 1318 2296 1373 ut
2337 1309 2507 1391 dixi,
2551 1310 2736 1377 sicut
2767 1311 2958 1394 palus

618 1416 872 1499 stabat,
922 1417 1113 1499 quasi
1171 1427 1399 1498 parata
1438 1420 1506 1479 in
1582 1414 1969 1500 profundum
2024 1417 2264 1498 mergi,
2295 1417 2479 1503 'quia
2537 1416 2769 1478 subtus
2812 1434 2956 1480 eam

619 1532 759 1584 erat
810 1540 1062 1604 vorago
1096 1522 1510 1605 -Abyssalis,
1576 1522 1685 1584 vel
1754 1530 1967 1584 terrae
2017 1521 2269 1603 hiatus,
2335 1521 2446 1603 qui
2511 1520 2817 1587 sorbebat
2854 1521 2950 1584 ibi

621 1642 922 1710 magnam
966 1630 1163 1691 maris
1200 1634 1477 1708 partem,
1518 1635 1588 1689 et.
1629 1638 1839 1711 aquae
1884 1629 1953 1688 in
2005 1627 2317 1709 abyssum
2364 1625 2455 1690 ibi
2497 1624 2950 1693 illabebantur.

616 1732 773 1795 Ideo
827 1732 1095 1794 stabant
1155 1731 1246 1793 ibi
1307 1734 1676 1814 superiores
1736 1746 1984 1815 aquae,
2055 1730 2445 1795 descensum
2506 1733 2577 1793 in
2641 1732 2952 1813 abyssum

580 1872 593 1883 ·
618 1844 1108 1918 exspectantes,
1154 1846 1220 1898 et
1261 1824 1545 1921 quando'
1574 1854 1754 1899 mare
1795 1838 1864 1898 in
1906 1836 2020 1898 illa
2060 1845 2248 1918 parte
2292 1855 2423 1898 non
2479 1835 2674 1898 habet
2715 1835 2952 1899 multas

617 1958 860 2024 aquas,
903 1950 1055 2005 tunc
1098 1956 1267 2023 aqua
1310 1950 1587 2023 rotatur,
1640 1949 1708 2003 et
1749 1959 1862 2021 ea,
1919 1960 2090 2024 quae
2138 1944 2441 2024 superins
2484 1948 2768 2022 natant,.
2792 1939 2952 2003 des-

616 2064 884 2111 censum
945 2049 1284 2110 minantur.
1364 2048 1451 2109 Et
1505 2045 1588 2108 de
1645 2046 1820 2110 facto
1884 2065 2093 2110 naves
2149 2046 2241 2110 ibi
2294 2046 2823 2127 absorberentur,
2888 2046 2951 2109 si

613 2148 1082 2235 'gubernatores
1121 2160 1260 2214 arte
1301 2169 1431 2214 non
1469 2151 1852 2215 obstiterint.
1938 2154 2014 2215 In
2057 2151 2168 2214 illo
2215 2168 2372 2235 ergo
2414 2150 2559 2213 loco
2619 2151 2949 2233 stetimus,

617 2269 683 2322 et
725 2259 1027 2340 galeotae
1064 2257 1283 2321 multis
1326 2256 1713 2323 clamoribus
1758 2266 1824 2320 et
1867 2256 2195 2320 laboribus
2245 2256 2646 2320 conabantur
2690 2254 2946 2339 galeam

607 2383 652 2428 a
698 2365 996 2428 faucibus
1054 2366 1205 2428 istis
1242 2382 1611 2446 removere,
1667 2362 1798 2427 sed
1837 2364 1909 2426 in
1965 2381 2208 2426 vanum
2260 2361 2666 2431 laborabant.
2753 2359 2945 2440 Quod

606 2468 909 2533 videntes
958 2469 1059 2551 hi,
1133 2470 1243 2551 qui
1285 2478 1470 2531 erant
1523 2469 1591 2531 in
1633 2469 1901 2531 civitate
1962 2466 2329 2553 Corcyrae,
2395 2468 2550 2552 quia
2590 2465 2944 2551 Corcyram

602 2575 881 2639 insulam
925 2584 992 2639 et
1033 2576 1364 2639 civitatem
1414 2592 1571 2656 prae
1636 2574 1843 2637 oculis
1901 2574 2279 2657 habuimus,
2342 2572 2819 2639 descenderunt
2860 2570 2944 2634 ad

474 2762 485 2773 ·
604 2698 725 2742 nos
777 2679 858 2742 de
895 2678 1220 2764 Corcyra,
1284 2679 1447 2743 alias
1491 2677 1774 2761 Corfun,
1835 2696 1982 2741 cum
2026 2678 2279 2743 duabus
2319 2682 2545 2761 parvis
2590 2677 2834 2761 galeis,
2878 2685 2945 2740 et

604 2783 799 2847 funes
852 2786 947 2871 ‘ad
1018 2796 1309 2850 nostram
1369 2784 1629 2867 galeam
1693 2783 2072 2865 affigamus,
2147 2791 2611 2846 connectentes
2677 2799 2796 2845 eas
2858 2780 2943 2845 ad

606 2907 861 2972 puppes
921 2907 1111 2972 suas,
1184 2899 1249 2951 et
1308 2891 1503 2979 remis
1569 2906 1730 2952 suas
1797 2886 2032 2970 galeas
2096 2887 2431 2949 trahentes
2495 2900 2646 2951 cum
2703 2903 2943 2968 magna

601 2991 911 3055 violentia
968 2992 1223 3075 galeam
1268 3002 1559 3056 nostram
1603 2991 1687 3054 de
1729 2992 2027 3054 faucibus
2088 2991 2315 3072 abyssi
2357 2988 2811 3073 extrahebant,
2855 3007 2942 3054 ne

601 3095 975 3161 absorberet
1016 3112 1136 3160 nos
1173 3095 1582 3179 profundum,
1626 3105 1691 3158 et
1735 3098 1944 3178 erepti
1980 3094 2440 3161 adaceudimus
2473 3094 2558 3158 ad
2586 3094 2940 3179 Corcyram

598 3199 909 3283 insulam,
986 3209 1061 3273 et
1110 3209 1264 3283 post
1323 3200 1486 3265 solis
1548 3202 1916 3264 occubitum
1978 3208 2240 3285 portum
2307 3201 2595 3264 civitatis
2656 3201 2941 3284 ingressi

597 3320 847 3388 sumus,
880 3308 992 3388 qui
1025 3308 1244 3371 stabat
1274 3306 1508 3388 plenus
1544 3306 1821 3369 navibus
1856 3306 2288 3390 praedalibus,
2322 3307 2496 3390 quia,
2536 3316 2611 3373 nt
2643 3307 2938 3371 dixerant

598 3409 787 3475 nobis
826 3409 1073 3481 domini
1111 3412 1372 3494 Veneti,
1410 3409 1817 3492 ‚capitaneus
1860 3413 2062 3475 maris
2101 3429 2251 3476 cum
2295 3409 2516 3476 classe
2560 3422 2808 3478 armata
2847 3412 2938 3476 ibi

598 3522 739 3577 erat
779 3514 846 3577 in
888 3514 1184 3579 custodia
1225 3516 1441 3581 maris.
1522 3516 1962 3581 Dormivimns
2005 3535 2164 3601 ergo
2203 3535 2417 3602 usque
2459 3538 2669 3584 mane.
2734 3519 2936 3583 Mane

530 3660 541 3671 -
596 3627 813 3683 autem
874 3621 1051 3684 facto
1115 3622 1371 3703 egressi
1426 3638 1656 3685 snmus
1711 3622 1779 3685 in
1832 3622 2048 3687 barcis
2106 3622 2188 3686 ad
2245 3624 2616 3707 civitat-em,
2679 3634 2747 3687 et
2788 3642 2933 3687 eam

556 3802 573 3819 .
596 3725 907 3808 repletam
960 3725 1329 3790 hominibus
1371 3727 1774 3812 invenimus,
1842 3736 1911 3790 et
1948 3727 2136 3792 multi
2184 3731 2352 3793 turci
2411 3731 2500 3794 ibi
2542 3730 2712 3795 inter
2751 3725 2933 3790 chri-

591 3832 845 3919 stianos
883 3829 1393 3897 deambulabant.
1477 3831 1693 3894 Missa
1733 3833 1953 3896 audita
1987 3832 2455 3907 domunculam
2495 3830 2817 3915 quandam
2859 3830 2930 3892 in

510 3912 529 3929 ⁹
590 3935 897 4001 suburbio
941 3936 1367 4000 conduximus
1408 3953 1547 4003 nos.
1588 3939 1918 4021 peregrini
1960 3938 2044 4001 de
2085 3938 2332 4007 Suevia
2373 3948 2440 4002 et
2493 3935 2806 4019 Bavaria,
2863 3943 2931 3997 et

584 4040 679 4105 ibi
725 4036 1051 4124 coximus,
1094 4040 1511 4124 comedimus,
1554 4042 1857 4128 bibimus,
1900 4054 1970 4121 et
2010 4043 2447 4109 dormivimus.
2512 4042 2672 4105 Erat
2712 4048 2926 4104 autem

590 4143 979 4209 domuncula
1018 4164 1224 4229 parva
1266 4156 1332 4209 et
1380 4147 1633 4231 lignea,
1688 4147 1771 4211 de
1813 4149 2095 4231 antiquis
2150 4157 2218 4210 et
2261 4145 2644 4211 aridissimis
2707 4145 2924 4227 lignis.

582 4249 776 4314 Unde
818 4246 1110 4335 contigit,
1147 4251 1318 4335 quod
1360 4261 1623 4336 propter
1651 4254 2071 4317 excessivum
2099 4255 2338 4335 ignem,
2373 4268 2565 4336 quem
2591 4248 2926 4335 coquendo

589 4354 1042 4459 accendimus,
1099 4358 1248 4445 ipsa
1291 4356 1679 4425 domuncula
1718 4357 1871 4420 bina
1912 4358 2061 4422 vice
2119 4355 2378 4423 realiter
2417 4354 2649 4451 ardere
2691 4357 2925 4441 coepit,

2229 4668 2270 4691 ι·
2523 4640 2560 4669 a..
