3242 5259
1457 350 1626 416 '1⁵5

380 536 620 600 fuimus
660 531 749 597 ad
791 547 973 612 mare
995 529 1311 616 projecti,
1353 537 1422 592 et
1460 529 1560 596 sic
1597 532 1668 593 in
1705 529 1899 598 undis
1937 528 2333 598 fluctuantes
2374 531 2492 597 illa
2531 543 2726 600 nocte

379 642 734 705 mansimus
775 638 939 700 satis
980 637 1269 720 inquieti.

547 743 791 826 Quinta
844 742 986 824 die,
1036 749 1343 804 manente
1363 713 1628 803 eodem
1666 748 1896 826 vento,
1960 741 2130 808 inter
2163 742 2401 807 fluctus
2460 761 2721 810 eramus

380 850 580 913 delati
621 846 705 911 ad
745 846 1100 930 pessimum
1127 844 1324 908 maris
1357 844 1735 931 districtum,
1764 864 1958 929 quem
1980 844 2337 910 Cornerum
2368 850 2720 934 nominant,

379 955 447 1017 in
487 973 616 1037 quo
657 952 1050 1035 navigantes
1085 965 1345 1032 semper
1384 968 1531 1014 eum
1575 951 1863 1035 periculo
1905 962 2283 1034 versantur,
2350 955 2504 1037 quia
2545 973 2723 1020 mare

378 1056 613 1122 ibidem
674 1055 1093 1121 velocissimo
1155 1072 1352 1120 cursu
1414 1066 1641 1121 contra
1694 1057 2033 1124 Ancon-m
2096 1056 2339 1128 tendite
2393 1066 2461 1120 et
2515 1067 2723 1122 naves

377 1179 613 1246 magna
645 1160 965 1224 industria
1005 1170 1071 1223 et
1113 1162 1182 1224 vi
1222 1179 1264 1224 a
1306 1161 2019 1246 navigantibus-teser!
2063 1170 2357 1246 oportet,
2418 1181 2506 1226 ne
2545 1155 2725 1228 mar'e

376 1249 763 1352 sequantur,
824 1285 994 1352 quae
1058 1275 1275 1330 tamen
1341 1267 1688 1352 aliquando
1758 1267 2081 1334 violemer
2116 1268 2488 1352 sapiuntur,
2549 1269 2725 1336 etin

376 1381 628 1457 portum
669 1390 1104 1437 aunonensem
1147 1371 1570 1455 projiciuntur
1600 1391 1748 1437 cum
1807 1375 2084 1438 maximo
2122 1372 2495 1437 discrimine
2531 1375 2723 1438 navis

376 1486 442 1542 et
485 1479 950 1561 navigantium.
1018 1479 1097 1540 1n
1144 1478 1269 1539 isto
1310 1476 1490 1561 goli'o
1534 1479 1893 1542 existentes
1927 1477 2072 1562 (B)
2104 1478 2390 1543 vidimus
2418 1487 2724 1543 montana

371 1602 544 1667 quae
586 1582 881 1648 dividunt
913 1583 1082 1647 fines
1136 1582 1499 1649 Dalmatiae
1534 1591 1601 1645 et
1643 1582 2012 1647 Crawatiae
2055 1602 2097 1646 a
2144 1600 2348 1667 regno
2371 1582 2718 1666 Ungariae‚

371 1698 442 1751 et
483 1689 753 1774 Ungari,
794 1691 903 1773 qui
943 1690 1438 1772 peregrinantur
1476 1685 1561 1749 ad
1599 1686 1671 1750 S.
1702 1687 1978 1752 Mariam
2021 1686 2105 1750 de
2115 1687 2376 1771 Loroto,
2413 1688 2504 1750 ibi
2544 1706 2724 1750 mare

371 1792 774 1880 ascendunt,
827 1803 902 1858 et
940 1793 1024 1857 ad
1068 1793 1279 1857 locum
1322 1792 1402 1861 B.
1459 1792 1751 1876 Virginis
1815 1794 2149 1876 navigant.
2237 1791 2353 1855 Sic
2395 1809 2553 1875 ergo
2580 1823 2583 1826 ·
2613 1792 2725 1854 dio

370 1899 481 1964 illo
524 1918 750 1984 parum
793 1899 1272 1982 navigavimus,
1310 1905 1378 1958 et
1415 1905 1629 1959 tamen
1661 1897 1730 1960 in
1769 1897 1918 1960 forti
1961 1905 2139 1961 motu
2179 1899 2372 1961 navis
2414 1898 2720 1961 continue

377 2004 647 2088 finimus,
690 2013 756 2067 et
801 2013 906 2068 est
944 2006 1115 2068 bene
1174 2000 1463 2067 mirabile
1504 2000 1678 2086 apud
1731 2019 1863 2065 nou
1915 2010 2283 2085 expertum,
2348 2001 2523 2085 quod
2563 2003 2718 2065 navi

371 2108 788 2172 velocissime
848 2116 1148 2172 currente
1204 2124 1335 2171 non
1391 2109 1771 2190 navigatur,
1832 2106 2005 2191 quod
2067 2115 2416 2190 reputetur.
2500 2106 2717 2171 Nocte

372 2210 758 2276 adveniente
798 2212 1072 2277 invaluit
1133 2220 1373 2276 ventus
1432 2211 1680 2275 inutilis
1693 2256 1715 2295 ,
1773 2222 1838 2275 et
1878 2214 2414 2296 inquietissimam
2457 2220 2716 2276 noctem

371 2317 742 2402 habuimus,
782 2320 852 2381 in
895 2337 1025 2403 qua
1057 2318 1281 2402 plures
1325 2315 1409 2379 de
1466 2317 1832 2400 peregrinis
1876 2317 2126 2381 debiles
2169 2317 2438 2383 multum
2491 2315 2717 2381 effecti

368 2432 550 2487 sunt:
595 2432 667 2487 ut
706 2424 940 2507 capitis
981 2423 1272 2506 vertigo,
1316 2429 1383 2484 et
1436 2422 1758 2486 stomachi
1818 2423 2196 2505 subversio,
2254 2432 2324 2485 ot
2363 2423 2593 2507 gravis
2633 2440 2715 2486 ac

366 2529 674 2596 dolorosa
760 2529 1133 2593 evomitatio
1215 2528 1471 2590 cunctis
1538 2529 1901 2592 communis
1974 2528 2128 2592 fuit:
2204 2527 2404 2612 aliqui
2494 2537 2714 2591 tamen

367 2633 715 2697 debiliores
757 2632 905 2696 aliis
956 2633 1110 2697 inde
1151 2632 1412 2695 fuerunt
1464 2632 1640 2696 facti.
1725 2632 1931 2697 Porro
1988 2641 2377 2716 tempestato
2415 2633 2716 2698 invales-

367 2746 594 2820 cente,
636 2755 783 2801 eum
823 2737 1061 2822 galeoti
1112 2737 1330 2802 velum
1380 2737 1631 2822 grande
1693 2748 1923 2803 tenere
1980 2737 2261 2822 vellent,
2319 2746 2385 2801 et
2427 2745 2715 2802 antenna

359 2843 497 2926 jam
564 2852 786 2907 erecta
834 2846 906 2907 iu
970 2844 1172 2908 altum
1225 2861 1425 2926 supra
1483 2845 1718 2907 kebam
1776 2844 1929 2908 mali
1992 2855 2203 2928 esset,
2269 2843 2534 2926 alligata
2584 2844 2716 2908 sibi

367 2937 655 3015 inv‘oluto
695 2957 1030 3034 accatone,
1069 2958 1138 3011 et.
1187 2967 1336 3012 oum
1380 2948 1592 3030 ipsam
1636 2956 1985 3011 antennam
2032 2949 2101 3012 in
2140 2948 2409 3016 alteram
2460 2958 2714 3033 partem

367 3073 556 3119 ruere
616 3058 940 3139 sinerent,
996 3053 1280 3118 solutum
1335 3061 1440 3115 est
1498 3053 1757 3136 velum,
1820 3063 1889 3118 et
1948 3053 2183 3118 cecidit
2242 3072 2448 3138 supra
2499 3069 2715 3117 remos

360 3161 539 3226 illius
579 3161 806 3225 lateris
818 3206 840 3245 ,
882 3169 950 3224 et
988 3177 1138 3224 cum
1177 3168 1416 3222 ventus
1459 3160 1675 3242 ipsum
1718 3159 1937 3223 velum
1980 3169 2251 3242 repente
2288 3159 2607 3243 impleret,
2644 3167 2715 3222 et

359 3263 636 3331 sursun?
663 3285 810 3331 cum
868 3267 1278 3330 vehementia
1351 3262 1619 3328 duceret
1636 3310 1659 3347 ,
1722 3264 2005 3327 inhaesit
2063 3264 2283 3328 velum
2348 3267 2576 3348 remis,
2645 3273 2714 3328 et

360 3373 580 3446 navim
622 3370 787 3435 adeo
826 3369 1164 3433 inclinavit
1203 3366 1286 3436 ad
1327 3369 1487 3434 illud
1530 3372 1722 3455 latus,
1754 3369 1929 3455 quod
1967 3371 2115 3453 ipsa
2150 3378 2435 3433 antenna
2476 3386 2712 3453 aquam

359 3473 607 3558 tetigit,
650 3485 718 3540 et
757 3474 970 3540 malus
1031 3492 1180 3537 oum
1224 3482 1361 3538 tota
1411 3473 1606 3558 galea
1658 3477 1729 3540 iu
1771 3475 1943 3539 latus
1984 3476 2238 3540 ruinam
2304 3476 2710 3559 repentinam

360 3581 739 3644 minaretur:
781 3587 1043 3664 propter
1076 3578 1251 3664 qnod
1284 3579 1498 3643 factus
1537 3571 1643 3643 est
1684 3598 1918 3644 cursus
1960 3599 2237 3663 magnus
2271 3598 2420 3645 cum
2462 3579 2710 3643 elamo-

359 3686 541 3750 ribus
581 3685 914 3769 suporius,
958 3693 1025 3747 et
1067 3701 1189 3748 nos
1230 3681 1506 3749 inferius
1548 3684 1634 3748 do
1661 3684 1921 3748 lectulis
1960 3686 2202 3750 nostris
2242 3685 2599 3749 cecidimus
2641 3687 2708 3748 in

359 3790 533 3878 lasus
578 3785 752 3854 alid
768 3834 792 3872 ,
851 3798 920 3853 et
971 3800 1284 3874 patronus
1344 3790 1414 3853 iu
1471 3792 1673 3874 puppi
1734 3791 1991 3873 paravit
2048 3807 2128 3853 se
2170 3789 2255 3853 ad
2308 3792 2709 3874 evasionem,

323 3895 799 3998 „scaphamque
837 3895 1073 3960 scissis
1099 3895 1364 3959 funibus
1397 3895 1636 3959 eiicere
1671 3893 2021 3980 mandavit,
2045 3905 2119 3959 ut
2156 3897 2227 3959 in
2262 3914 2406 3960 eam
2442 3896 2709 3962 saltaret

353 4011 546 4066 navo*-
565 4008 933 4084 mergente.
996 3999 1171 4085 quod
1213 4008 1429 4064 tamen
1471 4001 1798 4085 peregrini
1838 4000 2112 4064 iuferius
2147 4001 2551 4084 ignorabant.
2632 3998 2709 4064 Si

351 4101 727 4188 obvissent,
757 4104 1180 4168 intolerabilis
1221 4105 1536 4172 tumultus
1569 4125 1657 4171 ex
1698 4106 2072 4171 festinantia
2099 4105 2484 4194 ὼςίοιιώιιιι
2524 4114 2706 4169 ortus

353 4206 618 4284 fuisset.
701 4209 841 4274 Res
904 4219 1120 4273 tamen
1198 4210 1313 4275 illa
1390 4210 1513 4276 deo
1577 4229 1701 4277 nos
1768 4207 2043 4296 juvante
2118 4227 2268 4275 eum
2335 4229 2503 4296 paco
2583 4211 2706 4274 fuit

353 4311 721 4398 terminata,
770 4323 837 4378 et
891 4323 1140 4379 ventus
1172 4315 1390 4380 velum
1435 4314 1520 4381 de
1563 4316 1760 4380 remis
1803 4316 1980 4401 tulit,
2033 4315 2373 4399 navisque
2394 4316 2699 4378 restituta

353 4414 473 4482 fuit
505 4419 573 4483 in
614 4418 1104 4504 sutrmpolitum
1154 4438 1436 4487 cursum.
1521 4419 1597 4485 si
1636 4422 1862 4507 navis,
1903 4432 2095 4507 prout
2152 4422 2222 4484 iu
2266 4420 2514 4486 fiodbus
2560 4416 2703 4497 fuit,

833 4657 882 4694 Q.
