3242 5259
1375 315 1492 400 1⁶1

276 515 411 581 Sed
454 514 606 580 dum
649 524 1010 600 tempeat-
1047 522 1486 599 permaneret,
1511 515 1729 597 ,aliqui
1770 516 2023 580 nobiles
2059 516 2296 582 mimos
2338 495 2493 584 facti
2532 522 2603 604 iq

274 620 644 698 Jerusalem
690 621 1007 703 perversi,
1038 619 1372 702 dicebant3
1417 619 1589 703 quod
1618 619 1701 681 ab
1735 619 2147 692 oruionibus'
2160 601 2602 706 cessarent-3

276 725 621 791 credentes
690 724 866 808 quod
927 733 1192 807 propter
1258 727 1587 787 orationes
1651 731 1910 787 nostras
1975 733 2329 808 tempestas
2392 730 2604 811 magis

279 831 595 912 neviret,
637 838 704 892 et
743 830 1286 912 interrumpentes
1352 826 1780 911 psalmodiam
1823 837 1891 892 et
1947 829 2221 895 letanias
2267 829 2603 895 dixerunt:
2634 879 2659 902 .

278 936 338 998 si
379 935 703 999 orationes
742 943 1008 1004 vestrae
1050 942 1274 997 essent
1323 933 1468 997 Deo
1526 940 1789 1016 gratae,
1831 932 1969 1016 jam
2012 931 2251 997 dudum
2309 949 2606 1002 euemoe

277 1040 360 1105 ab
409 1041 515 1104 bis
555 1039 863 1123 periculis
923 1040 1145 1123 erepti.
1233 1038 1349 1102 Sic
1391 1039 1642 1123 absque
1701 1036 1928 1121 dubio,
1982 1039 2046 1102 si
2086 1034 2501 1106 Eucharistia
2534 1041 2611 1112 h

278 1147 430 1209 navi
471 1144 929 1229 conficeretur,
977 1144 1152 1208 idem
1201 1144 1626 1227 contingeret.
1711 1141 2022 1206 Putarent
2076 1141 2257 1208 enim
2305 1140 2499 1206 rudes
2538 1152 2610 1207 et

278 1247 530 1340 dubiosi
599 1249 967 1334 seculares,
1035 1247 1208 1331 quod
1285 1256 1635 1331 praesente
1700 1256 2108 1311 sacramento
2178 1237 2338 1314 nih'il
2388 1247 2609 1311 ·triste

280 1355 578 1419 accidere
617 1354 915 1438 deberet,
960 1363 1025 1415 et
1066 1354 1126 1417 si
1169 1352 1531 1435 accideret,
1593 1351 1741 1435 ejus
1802 1354 2216 1440 praesentiae
2272 1350 2610 1416 adscribe-

278 1469 442 1526 rent.
529 1459 648 1524 Sic
708 1459 1005 1524 fecerunt
1047 1458 1162 1521 tilii
1220 1458 1426 1521 lsrael
1489 1457 1806 1521 ducentes
1882 1474 2137 1526 secum:
2175 1459 2244 1520 in
2298 1456 2610 1541 praelium

278 1583 495 1630 arcam
556 1564 850 1647 Domini,
892 1571 1197 1648 putantes
1239 1580 1317 1625 se
1354 1562 1512 1626 ninii
1554 1581 1759 1645 posse
1793 1565 1927 1647 pati
1970 1563 2052 1626 ab
2093 1561 2391 1627 inimicis.
2471 1559 2611 1626 Sed

279 1691 358 1735 eo
415 1689 547 1734 non
610 1670 910 1733 obstante
970 1669 1272 1753 prostrati
1340 1666 1629 1749 fuerunt,
1703 1677 1770 1731 et
1822 1686 1976 1732 arca
2057 1667 2185 1732 Dei
2245 1674 2471 1749 capta,
2532 1675 2610 1729 nt
2694 1657 2703 1668 '

278 1776 553 1841 babetur
594 1776 653 1840 1.
694 1773 973 1859 Regum.
1020 1779 1082 1841 4.
1139 1773 1359 1856 Magis
1402 1774 1572 1836 enim
1615 1780 1718 1835 est
1775 1775 1916 1836 irae
1952 1772 2077 1836 Dei
2118 1769 2608 1855 psov-unvani

278 1880 546 1963 indigna
588 1888 653 1943 et
694 1879 1196 1944 irreverentialis
1251 1878 1671 1942 contrectatio
1713 1885 1779 1939 et
1848 1877 2343 1960 circumductio,
2408 1893 2608 1960 quam

280 1985 539 2048 humilis
589 1994 658 2048 et
712 1984 935 2049 timida
1001 1983 1315 2053 dimissio.
1402 1981 1518 2046 Sic
1572 1982 1766 2045 etiam
1827 1980 2024 2064 aliqui
2084 1983 2308 2047 rustici
2362 1981 2609 2046 faciunt

281 2107 439 2154 suos
491 2098 752 2154 curatos
805 2097 1286 2180 sacramentum
1340 2087 1793 2151 Eucharistiae
1832 2106 1951 2170 per
2006 2101 2275 2172 campos
2330 2086 2606 2170 deferre,

282 2213 390 2259 ne·
430 2202 692 2280 segetes
761 2193 1078 2278 grandine
1146 2189 1607 2262 anffiffiennr:
1674 2200 1741 2255 et
1797 2194 1856 2255 si
1918 2202 2182 2278 segetes
2243 2191 2609 2275 proficiunt,

280 2318 508 2385 parum
537 2299 718 2384 -grati
756 2307 944 2382 sunt3
983 2300 1045 2362 si
1093 2297 1429 2380 defidant,
1477 2296 1907 2362 scandalizati
1949 2303 2230 2380 manent,
2260 2305 2345 2362 a
2382 2304 2612 2361 centra

281 2391 947 2470 Denun'murmurant.
1031 2403 1182 2469 XV.
1226 2404 1420 2487 ratio,
1482 2422 1685 2487 quare
1724 2403 2137 2468 Eucharistia
2173 2403 2243 2465 in
2282 2401 2439 2464 navi
2480 2419 2610 2464 non

283 2519 385 2574 est
427 2507 774 2590 sumenda,
840 2516 1118 2590 propter.
1161 2509 1683 2572 evomitationem
1728 2508 1986 2571 facilem
2027 2515 2095 2570 α
2152 2507 2453 2576 subitam.
2533 2505 2612 2571 si

282 2615 458 2678 enim
500 2610 808 2676 sacerdos
840 2609 980 2693 jam
996 2611 1272 2674 Missam
1313 2610 1729 2695 cdebrasset,
1768 2622 1837 2676 et
1862 2620 2223 2695 tempestas
2253 2612 2609 2695 advenerit,

280 2725 628 2801 cogeretur
667 2716 737 2779 vi
777 2723 1062 2778 naturae.
1084 2713 1556 2784 Eucharistiam
1596 2719 1843 2798 vomitu
1884 2718 2159 2802 ejicere,
2219 2733 2345 2780 nee
2386 2725 2613 2798 posset

280 2825 599 2904 retinere,
640 2829 708 2883 et
749 2821 888 2892 boc,
916 2830 1020 2884 est
1059 2809 1362 2884 horribile
1403 2821 1645 2888 audire.
1726 2822 1884 2886 Ideo
1925 2826 2036 2906 pia
2080 2831 2185 2886 est
2224 2820 2337 2886 illa
2383 2838 2613 2884 sacra-

280 2927 484 2993 menti
522 2928 822 3010 privatio.
905 2927 1194 2990 'l'ertium
1234 2936 1525 3010 tempus,
1568 2943 1698 3011 qno
1736 2928 1805 2992 in
1840 2927 2034 3011 galea
2073 2926 2337 2992 laudant
2374 2925 2610 3010 Deum,

282 3042 389 3095 est
423 3030 829 3095 in-eccubitu
860 3030 1051 3095 solis:
1089 3041 1245 3095 tunc
1267 3031 1439 3093 enim
1466 3049 1694 3094 omnes
1726 3043 2207 3118 congregantur
2232 3032 2314 3096 ad
2352 3031 2611 3114 malum,

280 3137 397 3201 nbi
438 3144 542 3200 est
581 3135 815 3220 galeae
854 3135 1068 3199 forum
1107 3144 1172 3199 et
1199 3137 1476 3220 genibus
1517 3137 1708 3202 flexis
1743 3147 2042 3203 cantant:
2087 3138 2293 3203 Salve
2315 3137 2609 3221 Regina3

283 3250 354 3305 et
391 3243 461 3304 in
504 3240 946 3324 singularibus
1006 3243 1328 3325 angustiis
1396 3244 1815 3326 praemittunt
1877 3243 2166 3310 letanias.
2222 3243 2371 3328 (Β)
2452 3244 2615 3307 Post

283 3346 490 3411 Salve
551 3346 708 3410 facit
749 3363 895 3410 cum
930 3346 1149 3410 fistula
1189 3349 1446 3431 signum
1495 3349 1889 3413 camerarius
1952 3347 2191 3414 donnini
2231 3347 2504 3432 patroni,
2546 3355 2616 3410 et

280 3452 504 3516 statim
539 3453 610 3513 in
651 3450 781 3514 alto
823 3453 1258 3534 pronuncians
1300 3454 1580 3536 optando
1623 3453 1921 3517 omnibus
1958 3452 2191 3515 bonam
2233 3461 2488 3518 noctem
2529 3471 2615 3516 ex

280 3563 471 3639 parte
538 3556 822 3639 patroni,
868 3564 932 3617 et
971 3557 1201 3619 iterum
1234 3557 1406 3619 sicut
1466 3573 1657 3620 mane
1697 3556 1979 3619 ostendit
2019 3556 2299 3620 tabulam
2358 3558 2416 3619 b.
2454 3557 2619 3621 Vir-

280 3659 492 3744 ginis,
535 3658 621 3723 ad
661 3660 850 3742 qu’us
890 3660 1328 3723 ostensionem
1371 3659 1595 3723 dicunt
1636 3662 1759 3723 tria
1798 3661 1950 3723 Ave
1988 3661 2221 3742 Maria,
2262 3659 2435 3724 sicut
2474 3660 2617 3723 fieri

281 3764 456 3827 solet
495 3781 645 3828 sero
686 3767 771 3828 ad
832 3763 1114 3848 pulsum.
1198 3765 1286 3826 Et
1325 3764 1470 3827 istis
1512 3765 1678 3827 actis
1739 3763 2142 3864 deacendnnt
2178 3761 2507 3849 peregrini
2548 3766 2618 3828 in
2722 3819 2739 3834 .

283 3868 572 3933 carinam
609 3867 694 3933 ad
735 3869 1002 3933 cumbas
1044 3885 1219 3933 suas.
1262 3865 1468 3931 Porro
1505 3876 1654 3952 post
1696 3869 2180 3952 peregrinorum
2212 3869 2618 3954 abscessum,

283 3990 438 4037 cum
491 3972 630 4054 jam
695 3974 1002 4039 tenebrae
1063 3973 1378 4056 incipiunt
1450 3991 1635 4057 esse,
1696 3981 1853 4038 ,stat
1922 3971 2198 4057 scriptor
2256 3975 2488 4059 galeae
2550 3975 2621 4037 in

281 4078 580 4164 castello,
617 4088 682 4143 et
715 4078 941 4161 incipit
981 4077 1302 4161 quoddam
1368 4094 1632 4142 carmen
1676 4075 1961 4163 ldngum,
1986 4079 2054 4141 in
2097 4071 2323 4168 lingua
2362 4078 2620 4161 vulgari

280 4181 541 4268 italica,
618 4193 688 4247 et
742 4184 1029 4247 annectit
1105 4182 1442 4264 letaniam,
1525 4181 1609 4246 ad
1672 4202 1866 4267 quam
1922 4199 2155 4249 omnes
2208 4182 2508 4268 galeotae
2551 4189 2620 4244 et

287 4291 492 4354 navis
533 4287 854 4368 oms-10³
893 4266 1170 4373 g'onibus
1205 4287 1396 4351 som
1440 4288 1851 4372 respondent,
1893 4296 1961 4351 et
2001 4287 2203 4352 multa
2236 4288 2325 4351 ibi
2369 4285 2616 4366 etcum,

282 4401 358 4458 et
409 4394 792 4478 protrahunt
847 4395 1203 4496 ⁸oratitmern
1261 4391 1452 4481 quasi
1515 4392 1599 4456 ad
1659 4391 2085 4477 quadrantaie
2112 4391 2335 4546 9⁰:⁶OE
2398 4387 2615 4454 horae.
