<?xml version="1.0" encoding="UTF-8"?>
<!DOCTYPE html PUBLIC "-//W3C//DTD XHTML 1.0 Transitional//EN"
    "http://www.w3.org/TR/xhtml1/DTD/xhtml1-transitional.dtd">
<html xmlns="http://www.w3.org/1999/xhtml" xml:lang="en" lang="en">
 <head>
  <title>
</title>
<meta http-equiv="Content-Type" content="text/html;charset=utf-8" />
  <meta name='ocr-system' content='tesseract 3.04.00' />
  <meta name='ocr-capabilities' content='ocr_page ocr_carea ocr_par ocr_line ocrx_word'/>
</head>
<body>
  <div class='ocr_page' id='page_1' title='image "./fratrisfelicisf00unkngoog_0386.png"; bbox 0 0 3242 5259; ppageno 0'>
   <div class='ocr_carea' id='block_1_1' title="bbox 535 420 2891 937">
    <p class='ocr_par' dir='ltr' id='par_1_1' title="bbox 535 420 2891 937">
     <span class='ocr_line' id='line_1_1' title="bbox 535 420 2890 518; baseline -0.005 -20"><span class='ocrx_word' id='word_1_1' title='bbox 535 432 688 518; x_wconf 78' lang='lat' dir='ltr'><strong>quis</strong></span> <span class='ocrx_word' id='word_1_2' title='bbox 726 428 889 494; x_wconf 81' lang='lat' dir='ltr'><strong>velit</strong></span> <span class='ocrx_word' id='word_1_3' title='bbox 939 425 1177 510; x_wconf 83' lang='lat' dir='ltr'><strong>dicere,</strong></span> <span class='ocrx_word' id='word_1_4' title='bbox 1215 424 1392 511; x_wconf 79' lang='lat' dir='ltr'><strong>quod</strong></span> <span class='ocrx_word' id='word_1_5' title='bbox 1432 424 1650 489; x_wconf 71' lang='lat' dir='ltr'><strong>Maria</strong></span> <span class='ocrx_word' id='word_1_6' title='bbox 1688 421 2089 507; x_wconf 69' lang='lat' dir='ltr'><strong>uagantem</strong></span> <span class='ocrx_word' id='word_1_7' title='bbox 2126 421 2197 485; x_wconf 92' lang='lat' dir='ltr'><strong>in</strong></span> <span class='ocrx_word' id='word_1_8' title='bbox 2234 420 2550 506; x_wconf 69' lang='lat' dir='ltr'><strong>principio</strong></span> <span class='ocrx_word' id='word_1_9' title='bbox 2598 433 2890 488; x_wconf 74' lang='lat' dir='ltr'><strong>eonven-</strong></span> 
     </span>
     <span class='ocr_line' id='line_1_2' title="bbox 536 527 2891 613; baseline -0.004 -10"><span class='ocrx_word' id='word_1_10' title='bbox 536 537 746 604; x_wconf 85' lang='lat' dir='ltr'><strong>sionis</strong></span> <span class='ocrx_word' id='word_1_11' title='bbox 795 552 960 600; x_wconf 87' lang='lat' dir='ltr'><strong>suae</strong></span> <span class='ocrx_word' id='word_1_12' title='bbox 999 534 1070 596; x_wconf 90' lang='lat' dir='ltr'><strong>in</strong></span> <span class='ocrx_word' id='word_1_13' title='bbox 1106 533 1279 596; x_wconf 81' lang='lat' dir='ltr'><strong>banc</strong></span> <span class='ocrx_word' id='word_1_14' title='bbox 1319 530 1578 594; x_wconf 90' lang='lat' dir='ltr'><strong>domum</strong></span> <span class='ocrx_word' id='word_1_15' title='bbox 1618 529 1827 613; x_wconf 87' lang='lat' dir='ltr'><strong>venit,</strong></span> <span class='ocrx_word' id='word_1_16' title='bbox 1886 536 1954 592; x_wconf 80' lang='lat' dir='ltr'><strong>et</strong></span> <span class='ocrx_word' id='word_1_17' title='bbox 1995 528 2303 612; x_wconf 80' lang='lat' dir='ltr'><strong>lacrymis</strong></span> <span class='ocrx_word' id='word_1_18' title='bbox 2360 527 2569 610; x_wconf 85' lang='lat' dir='ltr'><strong>pedes</strong></span> <span class='ocrx_word' id='word_1_19' title='bbox 2623 527 2891 593; x_wconf 78' lang='lat' dir='ltr'><strong>Domini</strong></span> 
     </span>
     <span class='ocr_line' id='line_1_3' title="bbox 539 631 2891 734; baseline -0.003 -30"><span class='ocrx_word' id='word_1_20' title='bbox 539 642 809 725; x_wconf 69' lang='lat' dir='ltr'><strong>rigavit,</strong></span> <span class='ocrx_word' id='word_1_21' title='bbox 849 647 916 702; x_wconf 85' lang='lat' dir='ltr'><strong>et</strong></span> <span class='ocrx_word' id='word_1_22' title='bbox 958 645 1192 734; x_wconf 68' lang='lat' dir='ltr'><strong>postea</strong></span> <span class='ocrx_word' id='word_1_23' title='bbox 1235 636 1414 700; x_wconf 84' lang='lat' dir='ltr'><strong>circa</strong></span> <span class='ocrx_word' id='word_1_24' title='bbox 1454 643 1713 718; x_wconf 84' lang='lat' dir='ltr'><strong>tempus</strong></span> <span class='ocrx_word' id='word_1_25' title='bbox 1755 633 2081 717; x_wconf 84' lang='lat' dir='ltr'><strong>passionis</strong></span> <span class='ocrx_word' id='word_1_26' title='bbox 2122 634 2191 696; x_wconf 89' lang='lat' dir='ltr'><strong>in</strong></span> <span class='ocrx_word' id='word_1_27' title='bbox 2233 632 2553 697; x_wconf 75' lang='lat' dir='ltr'><strong>Bethania</strong></span> <span class='ocrx_word' id='word_1_28' title='bbox 2575 672 2604 711; x_wconf 83' lang='lat'><strong>,</strong></span> <span class='ocrx_word' id='word_1_29' title='bbox 2657 631 2891 698; x_wconf 79' lang='lat' dir='ltr'><strong>effudit</strong></span> 
     </span>
     <span class='ocr_line' id='line_1_4' title="bbox 536 736 2891 829; baseline -0.003 -20"><span class='ocrx_word' id='word_1_30' title='bbox 536 752 936 829; x_wconf 75' lang='lat' dir='ltr'><strong>unguentum</strong></span> <span class='ocrx_word' id='word_1_31' title='bbox 976 759 1176 825; x_wconf 85' lang='lat' dir='ltr'><strong>super</strong></span> <span class='ocrx_word' id='word_1_32' title='bbox 1215 746 1413 826; x_wconf 84' lang='lat' dir='ltr'><strong>caput</strong></span> <span class='ocrx_word' id='word_1_33' title='bbox 1450 738 1937 820; x_wconf 80' lang='lat' dir='ltr'><strong>discumbentis,</strong></span> <span class='ocrx_word' id='word_1_34' title='bbox 1957 746 2024 800; x_wconf 93' lang='lat' dir='ltr'><strong>et</strong></span> <span class='ocrx_word' id='word_1_35' title='bbox 2046 736 2225 822; x_wconf 83' lang='lat' dir='ltr'><strong>qnod</strong></span> <span class='ocrx_word' id='word_1_36' title='bbox 2244 737 2438 802; x_wconf 82' lang='lat' dir='ltr'><strong>inerit</strong></span> <span class='ocrx_word' id='word_1_37' title='bbox 2454 754 2587 801; x_wconf 87' lang='lat' dir='ltr'><strong>una</strong></span> <span class='ocrx_word' id='word_1_38' title='bbox 2620 736 2891 802; x_wconf 80' lang='lat' dir='ltr'><strong>eadem-</strong></span> 
     </span>
     <span class='ocr_line' id='line_1_5' title="bbox 540 840 2127 937; baseline -0.007 -21"><span class='ocrx_word' id='word_1_39' title='bbox 540 869 670 937; x_wconf 85' lang='lat' dir='ltr'><strong>que</strong></span> <span class='ocrx_word' id='word_1_40' title='bbox 710 848 958 913; x_wconf 87' lang='lat' dir='ltr'><strong>mulier.</strong></span> <span class='ocrx_word' id='word_1_41' title='bbox 1049 844 1242 924; x_wconf 82' lang='lat' dir='ltr'><strong>Quod</strong></span> <span class='ocrx_word' id='word_1_42' title='bbox 1281 861 1409 927; x_wconf 75' lang='lat' dir='ltr'><strong>ego</strong></span> <span class='ocrx_word' id='word_1_43' title='bbox 1447 843 1660 927; x_wconf 81' lang='lat' dir='ltr'><strong>magis</strong></span> <span class='ocrx_word' id='word_1_44' title='bbox 1703 840 1903 906; x_wconf 87' lang='lat' dir='ltr'><strong>credo</strong></span> <span class='ocrx_word' id='word_1_45' title='bbox 1950 858 2127 906; x_wconf 84' lang='lat' dir='ltr'><strong>esse.</strong></span> 
     </span>
    </p>
   </div>
   <div class='ocr_carea' id='block_1_2' title="bbox 543 1074 2891 1290">
    <p class='ocr_par' dir='ltr' id='par_1_2' title="bbox 543 1074 2891 1290">
     <span class='ocr_line' id='line_1_6' title="bbox 543 1074 2891 1177; baseline -0.004 -16"><span class='ocrx_word' id='word_1_46' title='bbox 543 1085 665 1161; x_wconf 89' lang='lat' dir='ltr'><strong>De</strong></span> <span class='ocrx_word' id='word_1_47' title='bbox 708 1080 963 1159; x_wconf 84' lang='lat' dir='ltr'><strong>schola</strong></span> <span class='ocrx_word' id='word_1_48' title='bbox 987 1078 1249 1155; x_wconf 84' lang='lat' dir='ltr'><strong>beatae</strong></span> <span class='ocrx_word' id='word_1_49' title='bbox 1278 1075 1562 1154; x_wconf 83' lang='lat' dir='ltr'><strong>Mariae</strong></span> <span class='ocrx_word' id='word_1_50' title='bbox 1590 1076 1944 1176; x_wconf 67' lang='lat' dir='ltr'><strong>VirginiS,</strong></span> <span class='ocrx_word' id='word_1_51' title='bbox 1988 1075 2063 1152; x_wconf 91' lang='lat' dir='ltr'><strong>in</strong></span> <span class='ocrx_word' id='word_1_52' title='bbox 2111 1102 2253 1177; x_wconf 88' lang='lat' dir='ltr'><strong>qua</strong></span> <span class='ocrx_word' id='word_1_53' title='bbox 2285 1076 2542 1154; x_wconf 79' lang='lat' dir='ltr'><strong>literas</strong></span> <span class='ocrx_word' id='word_1_54' title='bbox 2592 1074 2891 1165; x_wconf 79' lang='lat' dir='ltr'><strong>didicit3</strong></span> 
     </span>
     <span class='ocr_line' id='line_1_7' title="bbox 1014 1195 2409 1290; baseline -0.002 -15"><span class='ocrx_word' id='word_1_55' title='bbox 1014 1208 1093 1275; x_wconf 85' lang='lat' dir='ltr'><strong>et</strong></span> <span class='ocrx_word' id='word_1_56' title='bbox 1137 1223 1231 1275; x_wconf 87' lang='lat' dir='ltr'><strong>an</strong></span> <span class='ocrx_word' id='word_1_57' title='bbox 1278 1197 1533 1273; x_wconf 83' lang='lat' dir='ltr'>literas</span> <span class='ocrx_word' id='word_1_58' title='bbox 1576 1195 1939 1290; x_wconf 79' lang='lat' dir='ltr'><strong>didicerit,</strong></span> <span class='ocrx_word' id='word_1_59' title='bbox 1993 1196 2409 1275; x_wconf 81' lang='lat' dir='ltr'><strong>resolvitur.</strong></span> 
     </span>
    </p>
   </div>
   <div class='ocr_carea' id='block_1_3' title="bbox 525 1377 2899 4402">
    <p class='ocr_par' dir='ltr' id='par_1_3' title="bbox 525 1377 2899 4402">
     <span class='ocr_line' id='line_1_8' title="bbox 711 1377 2895 1464; baseline -0.003 -16"><span class='ocrx_word' id='word_1_60' title='bbox 711 1383 1129 1448; x_wconf 87' lang='lat' dir='ltr'><strong>Surreximus</strong></span> <span class='ocrx_word' id='word_1_61' title='bbox 1152 1382 1233 1444; x_wconf 91' lang='lat' dir='ltr'><strong>ab</strong></span> <span class='ocrx_word' id='word_1_62' title='bbox 1269 1381 1563 1444; x_wconf 89' lang='lat' dir='ltr'><strong>oratione</strong></span> <span class='ocrx_word' id='word_1_63' title='bbox 1582 1378 1668 1444; x_wconf 90' lang='lat' dir='ltr'><strong>de</strong></span> <span class='ocrx_word' id='word_1_64' title='bbox 1704 1377 2037 1463; x_wconf 88' lang='lat' dir='ltr'><strong>praedicta</strong></span> <span class='ocrx_word' id='word_1_65' title='bbox 2068 1379 2280 1464; x_wconf 81' lang='lat' dir='ltr'><strong>domo,</strong></span> <span class='ocrx_word' id='word_1_66' title='bbox 2306 1387 2373 1443; x_wconf 89' lang='lat' dir='ltr'><strong>et</strong></span> <span class='ocrx_word' id='word_1_67' title='bbox 2415 1387 2895 1463; x_wconf 84' lang='lat' dir='ltr'><strong>consequenter</strong></span> 
     </span>
     <span class='ocr_line' id='line_1_9' title="bbox 545 1482 2892 1576; baseline -0.003 -22"><span class='ocrx_word' id='word_1_68' title='bbox 545 1495 973 1576; x_wconf 74' lang='lat' dir='ltr'><strong>properantes</strong></span> <span class='ocrx_word' id='word_1_69' title='bbox 1020 1486 1104 1550; x_wconf 91' lang='lat' dir='ltr'><strong>ad</strong></span> <span class='ocrx_word' id='word_1_70' title='bbox 1145 1485 1343 1549; x_wconf 86' lang='lat' dir='ltr'><strong>alium</strong></span> <span class='ocrx_word' id='word_1_71' title='bbox 1383 1483 1708 1569; x_wconf 85' lang='lat' dir='ltr'><strong>quandam</strong></span> <span class='ocrx_word' id='word_1_72' title='bbox 1751 1501 2054 1566; x_wconf 86' lang='lat' dir='ltr'><strong>magnam</strong></span> <span class='ocrx_word' id='word_1_73' title='bbox 2098 1482 2356 1548; x_wconf 89' lang='lat' dir='ltr'><strong>domum</strong></span> <span class='ocrx_word' id='word_1_74' title='bbox 2399 1487 2702 1549; x_wconf 87' lang='lat' dir='ltr'><strong>venimus</strong></span> <span class='ocrx_word' id='word_1_75' title='bbox 2723 1531 2744 1570; x_wconf 88' lang='lat'><strong>,</strong></span> <span class='ocrx_word' id='word_1_76' title='bbox 2802 1485 2892 1548; x_wconf 82' lang='lat' dir='ltr'><strong>de</strong></span> 
     </span>
     <span class='ocr_line' id='line_1_10' title="bbox 547 1588 2892 1679; baseline -0.003 -20"><span class='ocrx_word' id='word_1_77' title='bbox 547 1591 870 1679; x_wconf 75' lang='lat' dir='ltr'><strong>lapidibus</strong></span> <span class='ocrx_word' id='word_1_78' title='bbox 909 1592 1201 1677; x_wconf 76' lang='lat' dir='ltr'><strong>quadris,</strong></span> <span class='ocrx_word' id='word_1_79' title='bbox 1248 1591 1473 1674; x_wconf 86' lang='lat' dir='ltr'><strong>sectis,</strong></span> <span class='ocrx_word' id='word_1_80' title='bbox 1515 1599 1584 1653; x_wconf 89' lang='lat' dir='ltr'><strong>et</strong></span> <span class='ocrx_word' id='word_1_81' title='bbox 1627 1588 1925 1673; x_wconf 85' lang='lat' dir='ltr'><strong>sculptis,</strong></span> <span class='ocrx_word' id='word_1_82' title='bbox 1998 1601 2168 1673; x_wconf 88' lang='lat' dir='ltr'><strong>quae</strong></span> <span class='ocrx_word' id='word_1_83' title='bbox 2210 1607 2467 1655; x_wconf 78' lang='lat' dir='ltr'><strong>annexa</strong></span> <span class='ocrx_word' id='word_1_84' title='bbox 2520 1598 2664 1653; x_wconf 87' lang='lat' dir='ltr'><strong>erat</strong></span> <span class='ocrx_word' id='word_1_85' title='bbox 2723 1591 2892 1653; x_wconf 90' lang='lat' dir='ltr'><strong>atrio</strong></span> 
     </span>
     <span class='ocr_line' id='line_1_11' title="bbox 550 1692 2894 1783; baseline -0.003 -19"><span class='ocrx_word' id='word_1_86' title='bbox 550 1699 773 1783; x_wconf 90' lang='lat' dir='ltr'><strong>templi</strong></span> <span class='ocrx_word' id='word_1_87' title='bbox 836 1697 1156 1761; x_wconf 90' lang='lat' dir='ltr'><strong>dominici.</strong></span> <span class='ocrx_word' id='word_1_88' title='bbox 1279 1695 1517 1759; x_wconf 83' lang='lat' dir='ltr'><strong>Dicunt</strong></span> <span class='ocrx_word' id='word_1_89' title='bbox 1575 1702 1792 1757; x_wconf 87' lang='lat' dir='ltr'><strong>autem</strong></span> <span class='ocrx_word' id='word_1_90' title='bbox 1855 1692 2028 1777; x_wconf 85' lang='lat' dir='ltr'><strong>qnod</strong></span> <span class='ocrx_word' id='word_1_91' title='bbox 2099 1693 2327 1759; x_wconf 86' lang='lat' dir='ltr'><strong>eadem</strong></span> <span class='ocrx_word' id='word_1_92' title='bbox 2398 1693 2628 1759; x_wconf 89' lang='lat' dir='ltr'><strong>domus</strong></span> <span class='ocrx_word' id='word_1_93' title='bbox 2696 1695 2894 1759; x_wconf 78' lang='lat' dir='ltr'><strong>fuerit</strong></span> 
     </span>
     <span class='ocr_line' id='line_1_12' title="bbox 525 1796 2893 1884; baseline -0.002 -18"><span class='ocrx_word' id='word_1_94' title='bbox 525 1804 777 1870; x_wconf 71' lang='lat' dir='ltr'><strong>schola</strong></span> <span class='ocrx_word' id='word_1_95' title='bbox 816 1804 1047 1867; x_wconf 85' lang='lat' dir='ltr'><strong>beatae</strong></span> <span class='ocrx_word' id='word_1_96' title='bbox 1086 1800 1407 1883; x_wconf 77' lang='lat' dir='ltr'><strong>Virginis,</strong></span> <span class='ocrx_word' id='word_1_97' title='bbox 1448 1799 1517 1861; x_wconf 89' lang='lat' dir='ltr'><strong>in</strong></span> <span class='ocrx_word' id='word_1_98' title='bbox 1560 1815 1692 1884; x_wconf 89' lang='lat' dir='ltr'><strong>qua</strong></span> <span class='ocrx_word' id='word_1_99' title='bbox 1732 1797 1957 1861; x_wconf 77' lang='lat' dir='ltr'><strong>literas</strong></span> <span class='ocrx_word' id='word_1_100' title='bbox 2001 1796 2256 1882; x_wconf 85' lang='lat' dir='ltr'><strong>didicit,</strong></span> <span class='ocrx_word' id='word_1_101' title='bbox 2309 1797 2569 1883; x_wconf 86' lang='lat' dir='ltr'><strong>quando</strong></span> <span class='ocrx_word' id='word_1_102' title='bbox 2609 1818 2726 1883; x_wconf 86' lang='lat' dir='ltr'><strong>per</strong></span> <span class='ocrx_word' id='word_1_103' title='bbox 2764 1819 2893 1883; x_wconf 91' lang='lat' dir='ltr'><strong>pa-</strong></span> 
     </span>
     <span class='ocr_line' id='line_1_13' title="bbox 557 1880 2893 1989; baseline -0.003 -15"><span class='ocrx_word' id='word_1_104' title='bbox 557 1917 779 1975; x_wconf 84' lang='lat' dir='ltr'><strong>rentes</strong></span> <span class='ocrx_word' id='word_1_105' title='bbox 820 1905 1041 1989; x_wconf 89' lang='lat' dir='ltr'><strong>templi</strong></span> <span class='ocrx_word' id='word_1_106' title='bbox 1083 1880 1512 1966; x_wconf 67' lang='lat' dir='ltr'><strong>servitoribus</strong></span> <span class='ocrx_word' id='word_1_107' title='bbox 1554 1910 1972 1986; x_wconf 87' lang='lat' dir='ltr'><strong>praesentata</strong></span> <span class='ocrx_word' id='word_1_108' title='bbox 2014 1902 2156 1987; x_wconf 79' lang='lat' dir='ltr'><strong>fuit,</strong></span> <span class='ocrx_word' id='word_1_109' title='bbox 2206 1902 2425 1968; x_wconf 85' lang='lat' dir='ltr'><strong>divino</strong></span> <span class='ocrx_word' id='word_1_110' title='bbox 2465 1904 2893 1987; x_wconf 86' lang='lat' dir='ltr'><strong>mancipanda</strong></span> 
     </span>
     <span class='ocr_line' id='line_1_14' title="bbox 557 2006 2887 2097; baseline -0.003 -18"><span class='ocrx_word' id='word_1_111' title='bbox 557 2012 890 2097; x_wconf 81' lang='lat' dir='ltr'><strong>obsequio.</strong></span> <span class='ocrx_word' id='word_1_112' title='bbox 975 2010 1168 2073; x_wconf 84' lang='lat' dir='ltr'><strong>Hanc</strong></span> <span class='ocrx_word' id='word_1_113' title='bbox 1190 2006 1447 2070; x_wconf 90' lang='lat' dir='ltr'><strong>domum</strong></span> <span class='ocrx_word' id='word_1_114' title='bbox 1488 2024 1638 2071; x_wconf 89' lang='lat' dir='ltr'><strong>cum</strong></span> <span class='ocrx_word' id='word_1_115' title='bbox 1682 2006 2107 2071; x_wconf 78' lang='lat' dir='ltr'><strong>admiratione</strong></span> <span class='ocrx_word' id='word_1_116' title='bbox 2147 2007 2736 2093; x_wconf 78' lang='lat' dir='ltr'><strong>contemplabamur</strong></span> <span class='ocrx_word' id='word_1_117' title='bbox 2752 2054 2774 2092; x_wconf 95' lang='lat'><strong>,</strong></span> <span class='ocrx_word' id='word_1_118' title='bbox 2813 2015 2887 2072; x_wconf 86' lang='lat' dir='ltr'><strong>et</strong></span> 
     </span>
     <span class='ocr_line' id='line_1_15' title="bbox 555 2112 2892 2198; baseline -0.003 -16"><span class='ocrx_word' id='word_1_119' title='bbox 555 2113 824 2182; x_wconf 87' lang='lat' dir='ltr'><strong>dubium</strong></span> <span class='ocrx_word' id='word_1_120' title='bbox 866 2115 937 2179; x_wconf 90' lang='lat' dir='ltr'><strong>in</strong></span> <span class='ocrx_word' id='word_1_121' title='bbox 970 2114 1161 2178; x_wconf 89' lang='lat' dir='ltr'><strong>nobis</strong></span> <span class='ocrx_word' id='word_1_122' title='bbox 1203 2120 1412 2176; x_wconf 86' lang='lat' dir='ltr'><strong>ortum</strong></span> <span class='ocrx_word' id='word_1_123' title='bbox 1455 2120 1581 2198; x_wconf 89' lang='lat' dir='ltr'><strong>est,</strong></span> <span class='ocrx_word' id='word_1_124' title='bbox 1636 2122 1852 2177; x_wconf 85' lang='lat' dir='ltr'><strong>utrum</strong></span> <span class='ocrx_word' id='word_1_125' title='bbox 1906 2113 2102 2176; x_wconf 90' lang='lat' dir='ltr'><strong>beata</strong></span> <span class='ocrx_word' id='word_1_126' title='bbox 2139 2112 2350 2196; x_wconf 76' lang='lat' dir='ltr'><strong>Virgo</strong></span> <span class='ocrx_word' id='word_1_127' title='bbox 2386 2114 2602 2176; x_wconf 75' lang='lat' dir='ltr'><strong>Maria</strong></span> <span class='ocrx_word' id='word_1_128' title='bbox 2664 2112 2892 2177; x_wconf 83' lang='lat' dir='ltr'><strong>literas</strong></span> 
     </span>
     <span class='ocr_line' id='line_1_16' title="bbox 551 2215 2894 2306; baseline -0.001 -22"><span class='ocrx_word' id='word_1_129' title='bbox 551 2222 635 2284; x_wconf 92' lang='lat' dir='ltr'><strong>ab</strong></span> <span class='ocrx_word' id='word_1_130' title='bbox 698 2221 917 2306; x_wconf 83' lang='lat' dir='ltr'><strong>aliquo</strong></span> <span class='ocrx_word' id='word_1_131' title='bbox 973 2219 1235 2284; x_wconf 83' lang='lat' dir='ltr'><strong>homine</strong></span> <span class='ocrx_word' id='word_1_132' title='bbox 1297 2215 1627 2301; x_wconf 84' lang='lat' dir='ltr'><strong>didicerit,</strong></span> <span class='ocrx_word' id='word_1_133' title='bbox 1658 2281 1665 2288; x_wconf 78' lang='grc'>,</span> <span class='ocrx_word' id='word_1_134' title='bbox 1696 2228 1764 2280; x_wconf 91' lang='lat' dir='ltr'><strong>et</strong></span> <span class='ocrx_word' id='word_1_135' title='bbox 1823 2219 1974 2302; x_wconf 84' lang='lat' dir='ltr'><strong>quis</strong></span> <span class='ocrx_word' id='word_1_136' title='bbox 2029 2217 2327 2281; x_wconf 84' lang='lat' dir='ltr'><strong>Judaeus</strong></span> <span class='ocrx_word' id='word_1_137' title='bbox 2378 2217 2524 2301; x_wconf 89' lang='lat' dir='ltr'><strong>ejus</strong></span> <span class='ocrx_word' id='word_1_138' title='bbox 2582 2219 2894 2303; x_wconf 81' lang='lat' dir='ltr'><strong>magister</strong></span> 
     </span>
     <span class='ocr_line' id='line_1_17' title="bbox 555 2320 2889 2406; baseline -0.001 -16"><span class='ocrx_word' id='word_1_139' title='bbox 555 2327 768 2391; x_wconf 76' lang='lat' dir='ltr'><strong>fuerit.</strong></span> <span class='ocrx_word' id='word_1_140' title='bbox 885 2322 1057 2388; x_wconf 82' lang='lat' dir='ltr'><strong>Cum</strong></span> <span class='ocrx_word' id='word_1_141' title='bbox 1134 2321 1309 2386; x_wconf 86' lang='lat' dir='ltr'><strong>dieat</strong></span> <span class='ocrx_word' id='word_1_142' title='bbox 1371 2320 1528 2406; x_wconf 86' lang='lat' dir='ltr'><strong>Sap.</strong></span> <span class='ocrx_word' id='word_1_143' title='bbox 1598 2321 1704 2385; x_wconf 71' lang='lat'><strong>⁰2:</strong></span> <span class='ocrx_word' id='word_1_144' title='bbox 1823 2321 2128 2385; x_wconf 84' lang='lat' dir='ltr'><strong>Omnium</strong></span> <span class='ocrx_word' id='word_1_145' title='bbox 2191 2321 2429 2385; x_wconf 82' lang='lat' dir='ltr'><strong>artifex</strong></span> <span class='ocrx_word' id='word_1_146' title='bbox 2482 2322 2703 2387; x_wconf 84' lang='lat' dir='ltr'><strong>docuit</strong></span> <span class='ocrx_word' id='word_1_147' title='bbox 2784 2341 2889 2387; x_wconf 88' lang='lat' dir='ltr'><strong>me</strong></span> 
     </span>
     <span class='ocr_line' id='line_1_18' title="bbox 555 2425 2892 2512; baseline -0.001 -19"><span class='ocrx_word' id='word_1_148' title='bbox 555 2428 775 2512; x_wconf 76' lang='lat' dir='ltr'><strong>(uo</strong></span> <span class='ocrx_word' id='word_1_149' title='bbox 790 2428 898 2512; x_wconf 71' lang='lat' dir='ltr'><strong>A)</strong></span> <span class='ocrx_word' id='word_1_150' title='bbox 954 2428 1362 2512; x_wconf 82' lang='lat' dir='ltr'><strong>sapientiam.</strong></span> <span class='ocrx_word' id='word_1_151' title='bbox 1499 2425 1817 2490; x_wconf 83' lang='lat' dir='ltr'><strong>Dominus</strong></span> <span class='ocrx_word' id='word_1_152' title='bbox 1881 2428 2051 2490; x_wconf 91' lang='lat' dir='ltr'><strong>enim</strong></span> <span class='ocrx_word' id='word_1_153' title='bbox 2115 2428 2397 2490; x_wconf 90' lang='lat' dir='ltr'><strong>omnium</strong></span> <span class='ocrx_word' id='word_1_154' title='bbox 2451 2427 2678 2492; x_wconf 88' lang='lat' dir='ltr'><strong>dilexit</strong></span> <span class='ocrx_word' id='word_1_155' title='bbox 2724 2445 2892 2511; x_wconf 85' lang='lat' dir='ltr'><strong>eam,</strong></span> 
     </span>
     <span class='ocr_line' id='line_1_19' title="bbox 558 2519 2893 2616; baseline -0.002 -17"><span class='ocrx_word' id='word_1_156' title='bbox 558 2534 709 2599; x_wconf 87' lang='lat' dir='ltr'><strong>ideo</strong></span> <span class='ocrx_word' id='word_1_157' title='bbox 752 2543 856 2596; x_wconf 87' lang='lat' dir='ltr'><strong>est</strong></span> <span class='ocrx_word' id='word_1_158' title='bbox 896 2534 1044 2616; x_wconf 89' lang='lat' dir='ltr'><strong>ipsa</strong></span> <span class='ocrx_word' id='word_1_159' title='bbox 1083 2532 1334 2596; x_wconf 78' lang='lat' dir='ltr'><strong>doctrix</strong></span> <span class='ocrx_word' id='word_1_160' title='bbox 1376 2519 1759 2614; x_wconf 76' lang='lat' dir='ltr'><strong>disciplin‘ae</strong></span> <span class='ocrx_word' id='word_1_161' title='bbox 1798 2531 1964 2615; x_wconf 85' lang='lat' dir='ltr'><strong>ejus,</strong></span> <span class='ocrx_word' id='word_1_162' title='bbox 2008 2540 2077 2595; x_wconf 89' lang='lat' dir='ltr'><strong>et</strong></span> <span class='ocrx_word' id='word_1_163' title='bbox 2119 2532 2389 2596; x_wconf 78' lang='lat' dir='ltr'><strong>electrix</strong></span> <span class='ocrx_word' id='word_1_164' title='bbox 2408 2551 2673 2616; x_wconf 85' lang='lat' dir='ltr'><strong>operum</strong></span> <span class='ocrx_word' id='word_1_165' title='bbox 2713 2530 2893 2595; x_wconf 86' lang='lat' dir='ltr'><strong>illius</strong></span> 
     </span>
     <span class='ocr_line' id='line_1_20' title="bbox 556 2635 2889 2724; baseline -0.002 -21"><span class='ocrx_word' id='word_1_166' title='bbox 556 2637 713 2724; x_wconf 78' lang='lat' dir='ltr'><strong>Sap.</strong></span> <span class='ocrx_word' id='word_1_167' title='bbox 772 2639 838 2703; x_wconf 84' lang='lat'><strong>8.</strong></span> <span class='ocrx_word' id='word_1_168' title='bbox 921 2635 1077 2702; x_wconf 79' lang='lat' dir='ltr'><strong>Ideo</strong></span> <span class='ocrx_word' id='word_1_169' title='bbox 1119 2636 1401 2721; x_wconf 83' lang='lat' dir='ltr'><strong>videtur,</strong></span> <span class='ocrx_word' id='word_1_170' title='bbox 1446 2636 1620 2721; x_wconf 87' lang='lat' dir='ltr'><strong>quod</strong></span> <span class='ocrx_word' id='word_1_171' title='bbox 1661 2654 1791 2700; x_wconf 90' lang='lat' dir='ltr'><strong>non</strong></span> <span class='ocrx_word' id='word_1_172' title='bbox 1835 2636 2032 2700; x_wconf 83' lang='lat' dir='ltr'><strong>fuerit</strong></span> <span class='ocrx_word' id='word_1_173' title='bbox 2097 2639 2179 2702; x_wconf 89' lang='lat' dir='ltr'><strong>ab</strong></span> <span class='ocrx_word' id='word_1_174' title='bbox 2237 2640 2499 2702; x_wconf 86' lang='lat' dir='ltr'><strong>homine</strong></span> <span class='ocrx_word' id='word_1_175' title='bbox 2552 2639 2889 2700; x_wconf 85' lang='lat' dir='ltr'><strong>instructa.</strong></span> 
     </span>
     <span class='ocr_line' id='line_1_21' title="bbox 555 2739 2893 2829; baseline -0.003 -21"><span class='ocrx_word' id='word_1_176' title='bbox 555 2745 830 2829; x_wconf 86' lang='lat' dir='ltr'><strong>Insuper</strong></span> <span class='ocrx_word' id='word_1_177' title='bbox 868 2741 1123 2812; x_wconf 64' lang='lat' dir='ltr'><strong>numm.</strong></span> <span class='ocrx_word' id='word_1_178' title='bbox 1165 2740 1341 2826; x_wconf 89' lang='lat' dir='ltr'><strong>dicit,</strong></span> <span class='ocrx_word' id='word_1_179' title='bbox 1382 2741 1556 2826; x_wconf 85' lang='lat' dir='ltr'><strong>quod</strong></span> <span class='ocrx_word' id='word_1_180' title='bbox 1594 2742 1787 2806; x_wconf 86' lang='lat' dir='ltr'><strong>beata</strong></span> <span class='ocrx_word' id='word_1_181' title='bbox 1804 2741 2015 2825; x_wconf 82' lang='lat' dir='ltr'><strong>Virgo</strong></span> <span class='ocrx_word' id='word_1_182' title='bbox 2053 2760 2095 2806; x_wconf 94' lang='lat' dir='ltr'><strong>a</strong></span> <span class='ocrx_word' id='word_1_183' title='bbox 2134 2742 2312 2806; x_wconf 92' lang='lat' dir='ltr'><strong>nullo</strong></span> <span class='ocrx_word' id='word_1_184' title='bbox 2352 2740 2699 2805; x_wconf 83' lang='lat' dir='ltr'><strong>illustrium</strong></span> <span class='ocrx_word' id='word_1_185' title='bbox 2738 2739 2893 2802; x_wconf 80' lang='lat' dir='ltr'><strong>vin-</strong></span> 
     </span>
     <span class='ocr_line' id='line_1_22' title="bbox 558 2825 2889 2931; baseline -0.003 -17"><span class='ocrx_word' id='word_1_186' title='bbox 558 2850 745 2914; x_wconf 80' lang='lat' dir='ltr'><strong>citur.</strong></span> <span class='ocrx_word' id='word_1_187' title='bbox 832 2847 1001 2911; x_wconf 84' lang='lat' dir='ltr'><strong>Sunt</strong></span> <span class='ocrx_word' id='word_1_188' title='bbox 1042 2857 1256 2912; x_wconf 89' lang='lat' dir='ltr'><strong>autem</strong></span> <span class='ocrx_word' id='word_1_189' title='bbox 1321 2846 1519 2930; x_wconf 85' lang='lat' dir='ltr'><strong>aliqui</strong></span> <span class='ocrx_word' id='word_1_190' title='bbox 1572 2848 1786 2910; x_wconf 87' lang='lat' dir='ltr'><strong>sancti</strong></span> <span class='ocrx_word' id='word_1_191' title='bbox 1810 2892 1832 2931; x_wconf 91' lang='lat'><strong>,</strong></span> <span class='ocrx_word' id='word_1_192' title='bbox 1890 2849 2003 2931; x_wconf 87' lang='lat' dir='ltr'><strong>qui</strong></span> <span class='ocrx_word' id='word_1_193' title='bbox 2060 2865 2190 2911; x_wconf 93' lang='lat' dir='ltr'><strong>non</strong></span> <span class='ocrx_word' id='word_1_194' title='bbox 2243 2848 2325 2911; x_wconf 87' lang='lat' dir='ltr'><strong>ab</strong></span> <span class='ocrx_word' id='word_1_195' title='bbox 2400 2825 2658 2913; x_wconf 69' lang='lat' dir='ltr'><strong>bomine</strong></span> <span class='ocrx_word' id='word_1_196' title='bbox 2679 2890 2699 2926; x_wconf 92' lang='lat'><strong>,</strong></span> <span class='ocrx_word' id='word_1_197' title='bbox 2764 2843 2889 2907; x_wconf 87' lang='lat' dir='ltr'><strong>sed</strong></span> 
     </span>
     <span class='ocr_line' id='line_1_23' title="bbox 557 2949 2891 3037; baseline -0.001 -21"><span class='ocrx_word' id='word_1_198' title='bbox 557 2972 677 3037; x_wconf 87' lang='lat' dir='ltr'><strong>per</strong></span> <span class='ocrx_word' id='word_1_199' title='bbox 727 2953 1186 3017; x_wconf 81' lang='lat' dir='ltr'><strong>revelationem</strong></span> <span class='ocrx_word' id='word_1_200' title='bbox 1248 2952 1417 3017; x_wconf 80' lang='lat' dir='ltr'><strong>Jesu</strong></span> <span class='ocrx_word' id='word_1_201' title='bbox 1505 2949 1755 3017; x_wconf 84' lang='lat' dir='ltr'><strong>Christi</strong></span> <span class='ocrx_word' id='word_1_202' title='bbox 1807 2951 2171 3016; x_wconf 85' lang='lat' dir='ltr'><strong>didicerunt</strong></span> <span class='ocrx_word' id='word_1_203' title='bbox 2193 2997 2214 3036; x_wconf 89' lang='lat'><strong>,</strong></span> <span class='ocrx_word' id='word_1_204' title='bbox 2270 2952 2444 3016; x_wconf 87' lang='lat' dir='ltr'><strong>sicut</strong></span> <span class='ocrx_word' id='word_1_205' title='bbox 2512 2949 2612 3015; x_wconf 92' lang='lat' dir='ltr'><strong>St.</strong></span> <span class='ocrx_word' id='word_1_206' title='bbox 2653 2949 2891 3014; x_wconf 85' lang='lat' dir='ltr'><strong>Paulus</strong></span> 
     </span>
     <span class='ocr_line' id='line_1_24' title="bbox 560 3055 2891 3138; baseline -0.001 -18"><span class='ocrx_word' id='word_1_207' title='bbox 560 3057 648 3120; x_wconf 90' lang='lat' dir='ltr'><strong>ad</strong></span> <span class='ocrx_word' id='word_1_208' title='bbox 691 3057 908 3126; x_wconf 71' lang='lat' dir='ltr'><strong>Galat,</strong></span> <span class='ocrx_word' id='word_1_209' title='bbox 951 3058 985 3122; x_wconf 88' lang='lat'>1</span> <span class='ocrx_word' id='word_1_210' title='bbox 1034 3057 1116 3121; x_wconf 90' lang='lat' dir='ltr'><strong>de</strong></span> <span class='ocrx_word' id='word_1_211' title='bbox 1155 3074 1234 3121; x_wconf 84' lang='lat' dir='ltr'><strong>se</strong></span> <span class='ocrx_word' id='word_1_212' title='bbox 1278 3064 1572 3121; x_wconf 86' lang='lat' dir='ltr'><strong>testatur.</strong></span> <span class='ocrx_word' id='word_1_213' title='bbox 1674 3055 1812 3120; x_wconf 85' lang='lat' dir='ltr'><strong>Sed</strong></span> <span class='ocrx_word' id='word_1_214' title='bbox 1853 3068 1919 3121; x_wconf 89' lang='lat' dir='ltr'><strong>et</strong></span> <span class='ocrx_word' id='word_1_215' title='bbox 1966 3056 2274 3120; x_wconf 86' lang='lat' dir='ltr'><strong>Salomon</strong></span> <span class='ocrx_word' id='word_1_216' title='bbox 2316 3075 2444 3121; x_wconf 90' lang='lat' dir='ltr'><strong>non</strong></span> <span class='ocrx_word' id='word_1_217' title='bbox 2487 3058 2568 3118; x_wconf 89' lang='lat' dir='ltr'><strong>ab</strong></span> <span class='ocrx_word' id='word_1_218' title='bbox 2612 3055 2891 3138; x_wconf 86' lang='lat' dir='ltr'><strong>homine,</strong></span> 
     </span>
     <span class='ocr_line' id='line_1_25' title="bbox 560 3159 2892 3246; baseline -0.002 -19"><span class='ocrx_word' id='word_1_219' title='bbox 560 3160 682 3227; x_wconf 84' lang='lat' dir='ltr'><strong>sed</strong></span> <span class='ocrx_word' id='word_1_220' title='bbox 722 3159 1035 3224; x_wconf 84' lang='lat' dir='ltr'><strong>divinitus</strong></span> <span class='ocrx_word' id='word_1_221' title='bbox 1098 3160 1321 3224; x_wconf 86' lang='lat' dir='ltr'><strong>didicit</strong></span> <span class='ocrx_word' id='word_1_222' title='bbox 1376 3160 1784 3244; x_wconf 85' lang='lat' dir='ltr'><strong>sapientiam.</strong></span> <span class='ocrx_word' id='word_1_223' title='bbox 1880 3161 1969 3223; x_wconf 89' lang='lat' dir='ltr'><strong>Et</strong></span> <span class='ocrx_word' id='word_1_224' title='bbox 2031 3163 2272 3226; x_wconf 85' lang='lat' dir='ltr'><strong>caeteri</strong></span> <span class='ocrx_word' id='word_1_225' title='bbox 2330 3159 2609 3246; x_wconf 84' lang='lat' dir='ltr'><strong>apostoli</strong></span> <span class='ocrx_word' id='word_1_226' title='bbox 2664 3177 2892 3225; x_wconf 84' lang='lat' dir='ltr'><strong>omnes</strong></span> 
     </span>
     <span class='ocr_line' id='line_1_26' title="bbox 562 3260 2892 3352; baseline -0 -24"><span class='ocrx_word' id='word_1_227' title='bbox 562 3260 863 3329; x_wconf 84' lang='lat' dir='ltr'><strong>doctores</strong></span> <span class='ocrx_word' id='word_1_228' title='bbox 906 3264 1080 3328; x_wconf 90' lang='lat' dir='ltr'><strong>orbis</strong></span> <span class='ocrx_word' id='word_1_229' title='bbox 1123 3263 1277 3327; x_wconf 82' lang='lat' dir='ltr'><strong>facti</strong></span> <span class='ocrx_word' id='word_1_230' title='bbox 1316 3283 1435 3348; x_wconf 89' lang='lat' dir='ltr'><strong>per</strong></span> <span class='ocrx_word' id='word_1_231' title='bbox 1473 3266 1850 3352; x_wconf 83' lang='lat' dir='ltr'><strong>inspiratam</strong></span> <span class='ocrx_word' id='word_1_232' title='bbox 1898 3267 2265 3337; x_wconf 71' lang='lat' dir='ltr'><strong>scientiam.</strong></span> <span class='ocrx_word' id='word_1_233' title='bbox 2366 3266 2654 3330; x_wconf 88' lang='lat' dir='ltr'><strong>Sanctus</strong></span> <span class='ocrx_word' id='word_1_234' title='bbox 2697 3267 2892 3328; x_wconf 91' lang='lat' dir='ltr'><strong>etiam</strong></span> 
     </span>
     <span class='ocr_line' id='line_1_27' title="bbox 561 3367 2892 3455; baseline 0 -22"><span class='ocrx_word' id='word_1_235' title='bbox 561 3370 848 3434; x_wconf 80' lang='lat' dir='ltr'><strong>&#39;l&#39;homas</strong></span> <span class='ocrx_word' id='word_1_236' title='bbox 894 3367 977 3432; x_wconf 90' lang='lat' dir='ltr'><strong>de</strong></span> <span class='ocrx_word' id='word_1_237' title='bbox 1030 3369 1295 3454; x_wconf 84' lang='lat' dir='ltr'><strong>Aquino</strong></span> <span class='ocrx_word' id='word_1_238' title='bbox 1359 3371 1569 3455; x_wconf 81' lang='lat' dir='ltr'><strong>magis</strong></span> <span class='ocrx_word' id='word_1_239' title='bbox 1628 3369 1787 3434; x_wconf 88' lang='lat' dir='ltr'><strong>dicit</strong></span> <span class='ocrx_word' id='word_1_240' title='bbox 1844 3388 1922 3434; x_wconf 86' lang='lat' dir='ltr'><strong>se</strong></span> <span class='ocrx_word' id='word_1_241' title='bbox 1978 3370 2221 3435; x_wconf 89' lang='lat' dir='ltr'><strong>orando</strong></span> <span class='ocrx_word' id='word_1_242' title='bbox 2283 3371 2654 3455; x_wconf 84' lang='lat' dir='ltr'><strong>studuisse,</strong></span> <span class='ocrx_word' id='word_1_243' title='bbox 2700 3388 2892 3455; x_wconf 85' lang='lat' dir='ltr'><strong>quam</strong></span> 
     </span>
     <span class='ocr_line' id='line_1_28' title="bbox 541 3473 2894 3568; baseline 0 -31"><span class='ocrx_word' id='word_1_244' title='bbox 541 3474 863 3558; x_wconf 68' lang='lat' dir='ltr'><strong>degendo.</strong></span> <span class='ocrx_word' id='word_1_245' title='bbox 945 3473 1061 3538; x_wconf 88' lang='lat' dir='ltr'><strong>Sic</strong></span> <span class='ocrx_word' id='word_1_246' title='bbox 1105 3485 1171 3538; x_wconf 88' lang='lat' dir='ltr'><strong>et</strong></span> <span class='ocrx_word' id='word_1_247' title='bbox 1212 3474 1286 3538; x_wconf 90' lang='lat' dir='ltr'><strong>S.</strong></span> <span class='ocrx_word' id='word_1_248' title='bbox 1333 3473 1687 3538; x_wconf 87' lang='lat' dir='ltr'><strong>Catharina</strong></span> <span class='ocrx_word' id='word_1_249' title='bbox 1749 3474 1831 3539; x_wconf 89' lang='lat' dir='ltr'><strong>dc</strong></span> <span class='ocrx_word' id='word_1_250' title='bbox 1886 3474 2083 3539; x_wconf 91' lang='lat' dir='ltr'><strong>Senis</strong></span> <span class='ocrx_word' id='word_1_251' title='bbox 2123 3476 2459 3568; x_wconf 80' lang='lat' dir='ltr'><strong>instructa</strong></span> <span class='ocrx_word' id='word_1_252' title='bbox 2494 3495 2610 3560; x_wconf 85' lang='lat' dir='ltr'><strong>per</strong></span> <span class='ocrx_word' id='word_1_253' title='bbox 2661 3475 2894 3539; x_wconf 87' lang='lat' dir='ltr'><strong>Domi-</strong></span> 
     </span>
     <span class='ocr_line' id='line_1_29' title="bbox 563 3577 2893 3665; baseline 0.001 -23"><span class='ocrx_word' id='word_1_254' title='bbox 563 3598 716 3643; x_wconf 87' lang='lat' dir='ltr'><strong>num</strong></span> <span class='ocrx_word' id='word_1_255' title='bbox 763 3580 996 3644; x_wconf 84' lang='lat' dir='ltr'><strong>Jesum</strong></span> <span class='ocrx_word' id='word_1_256' title='bbox 1039 3579 1238 3644; x_wconf 88' lang='lat' dir='ltr'><strong>libros</strong></span> <span class='ocrx_word' id='word_1_257' title='bbox 1278 3579 1480 3643; x_wconf 87' lang='lat' dir='ltr'><strong>scivit</strong></span> <span class='ocrx_word' id='word_1_258' title='bbox 1521 3578 1766 3664; x_wconf 81' lang='lat' dir='ltr'><strong>legere,</strong></span> <span class='ocrx_word' id='word_1_259' title='bbox 1810 3589 1875 3643; x_wconf 92' lang='lat' dir='ltr'><strong>et</strong></span> <span class='ocrx_word' id='word_1_260' title='bbox 1917 3583 2296 3665; x_wconf 85' lang='lat' dir='ltr'><strong>scripturas,</strong></span> <span class='ocrx_word' id='word_1_261' title='bbox 2320 3591 2386 3646; x_wconf 89' lang='lat' dir='ltr'><strong>et</strong></span> <span class='ocrx_word' id='word_1_262' title='bbox 2415 3591 2630 3645; x_wconf 84' lang='lat' dir='ltr'><strong>tamen</strong></span> <span class='ocrx_word' id='word_1_263' title='bbox 2655 3577 2893 3644; x_wconf 87' lang='lat' dir='ltr'><strong>nullius</strong></span> 
     </span>
     <span class='ocr_line' id='line_1_30' title="bbox 563 3683 2892 3770; baseline 0 -22"><span class='ocrx_word' id='word_1_264' title='bbox 563 3685 768 3769; x_wconf 82' lang='lat' dir='ltr'><strong>apicis</strong></span> <span class='ocrx_word' id='word_1_265' title='bbox 808 3703 1044 3749; x_wconf 90' lang='lat' dir='ltr'><strong>nomen</strong></span> <span class='ocrx_word' id='word_1_266' title='bbox 1084 3693 1198 3748; x_wconf 87' lang='lat' dir='ltr'><strong>aut</strong></span> <span class='ocrx_word' id='word_1_267' title='bbox 1237 3683 1669 3748; x_wconf 89' lang='lat' dir='ltr'><strong>conditionem</strong></span> <span class='ocrx_word' id='word_1_268' title='bbox 1713 3686 1936 3768; x_wconf 84' lang='lat' dir='ltr'><strong>novit,</strong></span> <span class='ocrx_word' id='word_1_269' title='bbox 1987 3687 2295 3750; x_wconf 85' lang='lat' dir='ltr'><strong>nesciens</strong></span> <span class='ocrx_word' id='word_1_270' title='bbox 2351 3686 2750 3770; x_wconf 76' lang='lat' dir='ltr'><strong>distinguere</strong></span> <span class='ocrx_word' id='word_1_271' title='bbox 2809 3686 2892 3748; x_wconf 89' lang='lat' dir='ltr'><strong>ab</strong></span> 
     </span>
     <span class='ocr_line' id='line_1_31' title="bbox 563 3787 2894 3873; baseline 0 -21"><span class='ocrx_word' id='word_1_272' title='bbox 563 3807 627 3852; x_wconf 86' lang='lat' dir='ltr'><strong>a.</strong></span> <span class='ocrx_word' id='word_1_273' title='bbox 646 3789 734 3871; x_wconf 88' lang='lat' dir='ltr'><strong>b.,</strong></span> <span class='ocrx_word' id='word_1_274' title='bbox 775 3788 885 3853; x_wconf 79' lang='lat' dir='ltr'><strong>vel</strong></span> <span class='ocrx_word' id='word_1_275' title='bbox 908 3790 969 3852; x_wconf 90' lang='lat' dir='ltr'><strong>b.</strong></span> <span class='ocrx_word' id='word_1_276' title='bbox 995 3807 1054 3852; x_wconf 92' lang='lat' dir='ltr'><strong>a.</strong></span> <span class='ocrx_word' id='word_1_277' title='bbox 1077 3808 1137 3872; x_wconf 87' lang='lat' dir='ltr'><strong>c,</strong></span> <span class='ocrx_word' id='word_1_278' title='bbox 1179 3797 1254 3852; x_wconf 89' lang='lat' dir='ltr'><strong>ut</strong></span> <span class='ocrx_word' id='word_1_279' title='bbox 1293 3787 1626 3854; x_wconf 81' lang='lat' dir='ltr'><strong>videretur</strong></span> <span class='ocrx_word' id='word_1_280' title='bbox 1661 3789 1806 3873; x_wconf 78' lang='lat' dir='ltr'><strong>ojus</strong></span> <span class='ocrx_word' id='word_1_281' title='bbox 1844 3790 2186 3855; x_wconf 89' lang='lat' dir='ltr'><strong>instructio</strong></span> <span class='ocrx_word' id='word_1_282' title='bbox 2200 3791 2612 3856; x_wconf 79' lang='lat' dir='ltr'><strong>miraculosa.</strong></span> <span class='ocrx_word' id='word_1_283' title='bbox 2653 3791 2894 3856; x_wconf 79' lang='lat' dir='ltr'><strong>Sancta</strong></span> 
     </span>
     <span class='ocr_line' id='line_1_32' title="bbox 562 3891 2891 3988; baseline 0.001 -32"><span class='ocrx_word' id='word_1_284' title='bbox 562 3893 757 3956; x_wconf 87' lang='lat' dir='ltr'><strong>etiam</strong></span> <span class='ocrx_word' id='word_1_285' title='bbox 775 3891 989 3958; x_wconf 63' lang='lat' dir='ltr'><strong>Uaria</strong></span> <span class='ocrx_word' id='word_1_286' title='bbox 1008 3894 1395 3978; x_wconf 82' lang='lat' dir='ltr'><strong>aegyptiaca</strong></span> <span class='ocrx_word' id='word_1_287' title='bbox 1434 3895 1504 3957; x_wconf 91' lang='lat' dir='ltr'><strong>in</strong></span> <span class='ocrx_word' id='word_1_288' title='bbox 1544 3894 1806 3960; x_wconf 87' lang='lat' dir='ltr'><strong>deserto</strong></span> <span class='ocrx_word' id='word_1_289' title='bbox 1855 3898 2042 3988; x_wconf 83' lang='lat' dir='ltr'><strong>novit</strong></span> <span class='ocrx_word' id='word_1_290' title='bbox 2087 3898 2442 3981; x_wconf 87' lang='lat' dir='ltr'><strong>scripturas</strong></span> <span class='ocrx_word' id='word_1_291' title='bbox 2482 3916 2603 3981; x_wconf 92' lang='lat' dir='ltr'><strong>per</strong></span> <span class='ocrx_word' id='word_1_292' title='bbox 2632 3895 2891 3960; x_wconf 84' lang='lat' dir='ltr'><strong>Domini</strong></span> 
     </span>
     <span class='ocr_line' id='line_1_33' title="bbox 564 3996 2896 4086; baseline 0.001 -24"><span class='ocrx_word' id='word_1_293' title='bbox 564 3996 1052 4067; x_wconf 81' lang='lat' dir='ltr'><strong>revelationem.</strong></span> <span class='ocrx_word' id='word_1_294' title='bbox 1134 3998 1223 4063; x_wconf 94' lang='lat' dir='ltr'><strong>Ut</strong></span> <span class='ocrx_word' id='word_1_295' title='bbox 1263 3999 1421 4083; x_wconf 86' lang='lat' dir='ltr'><strong>quid</strong></span> <span class='ocrx_word' id='word_1_296' title='bbox 1459 4017 1619 4084; x_wconf 80' lang='lat' dir='ltr'><strong>ergo</strong></span> <span class='ocrx_word' id='word_1_297' title='bbox 1662 3999 1897 4064; x_wconf 87' lang='lat' dir='ltr'><strong>dilecte</strong></span> <span class='ocrx_word' id='word_1_298' title='bbox 1956 4000 2158 4065; x_wconf 76' lang='lat' dir='ltr'><strong>frater</strong></span> <span class='ocrx_word' id='word_1_299' title='bbox 2218 4001 2573 4086; x_wconf 76' lang='lat' dir='ltr'><strong>Evagator,</strong></span> <span class='ocrx_word' id='word_1_300' title='bbox 2623 3999 2896 4066; x_wconf 87' lang='lat' dir='ltr'><strong>ostende</strong></span> 
     </span>
     <span class='ocr_line' id='line_1_34' title="bbox 564 4102 2895 4190; baseline 0 -23"><span class='ocrx_word' id='word_1_301' title='bbox 564 4102 730 4167; x_wconf 73' lang='lat' dir='ltr'><strong>milii</strong></span> <span class='ocrx_word' id='word_1_302' title='bbox 761 4102 1047 4166; x_wconf 81' lang='lat' dir='ltr'><strong>scholam</strong></span> <span class='ocrx_word' id='word_1_303' title='bbox 1063 4147 1085 4185; x_wconf 95' lang='lat'><strong>,</strong></span> <span class='ocrx_word' id='word_1_304' title='bbox 1141 4104 1211 4165; x_wconf 89' lang='lat' dir='ltr'><strong>in</strong></span> <span class='ocrx_word' id='word_1_305' title='bbox 1261 4121 1394 4188; x_wconf 85' lang='lat' dir='ltr'><strong>qua</strong></span> <span class='ocrx_word' id='word_1_306' title='bbox 1445 4103 1698 4169; x_wconf 89' lang='lat' dir='ltr'><strong>litteras</strong></span> <span class='ocrx_word' id='word_1_307' title='bbox 1738 4106 2177 4170; x_wconf 84' lang='lat' dir='ltr'><strong>beatissimam</strong></span> <span class='ocrx_word' id='word_1_308' title='bbox 2218 4106 2560 4190; x_wconf 83' lang='lat' dir='ltr'><strong>Virginem</strong></span> <span class='ocrx_word' id='word_1_309' title='bbox 2622 4106 2895 4169; x_wconf 67' lang='lat' dir='ltr'><strong>Mariam</strong></span> 
     </span>
     <span class='ocr_line' id='line_1_35' title="bbox 562 4205 2899 4298; baseline -0 -24"><span class='ocrx_word' id='word_1_310' title='bbox 562 4205 876 4274; x_wconf 74' lang='lat' dir='ltr'><strong>didicisse</strong></span> <span class='ocrx_word' id='word_1_311' title='bbox 916 4205 1105 4291; x_wconf 88' lang='lat' dir='ltr'><strong>dicis,</strong></span> <span class='ocrx_word' id='word_1_312' title='bbox 1145 4208 1207 4270; x_wconf 87' lang='lat' dir='ltr'><strong>si</strong></span> <span class='ocrx_word' id='word_1_313' title='bbox 1245 4225 1288 4269; x_wconf 90' lang='lat' dir='ltr'><strong>a</strong></span> <span class='ocrx_word' id='word_1_314' title='bbox 1329 4209 1507 4274; x_wconf 91' lang='lat' dir='ltr'><strong>nullo</strong></span> <span class='ocrx_word' id='word_1_315' title='bbox 1547 4209 1891 4274; x_wconf 89' lang='lat' dir='ltr'><strong>illustrium</strong></span> <span class='ocrx_word' id='word_1_316' title='bbox 1931 4211 2215 4277; x_wconf 85' lang='lat' dir='ltr'><strong>vincitur</strong></span> <span class='ocrx_word' id='word_1_317' title='bbox 2255 4210 2577 4298; x_wconf 87' lang='lat' dir='ltr'><strong>quomodo</strong></span> <span class='ocrx_word' id='word_1_318' title='bbox 2636 4211 2721 4276; x_wconf 91' lang='lat' dir='ltr'><strong>ab</strong></span> <span class='ocrx_word' id='word_1_319' title='bbox 2772 4209 2899 4274; x_wconf 84' lang='lat' dir='ltr'><strong>bo-</strong></span> 
     </span>
     <span class='ocr_line' id='line_1_36' title="bbox 564 4308 2896 4402; baseline 0 -25"><span class='ocrx_word' id='word_1_320' title='bbox 564 4313 735 4377; x_wconf 87' lang='lat' dir='ltr'><strong>mine</strong></span> <span class='ocrx_word' id='word_1_321' title='bbox 816 4312 1133 4377; x_wconf 82' lang='lat' dir='ltr'><strong>instructa</strong></span> <span class='ocrx_word' id='word_1_322' title='bbox 1203 4308 1354 4375; x_wconf 61' lang='lat' dir='ltr'><strong>est?</strong></span> <span class='ocrx_word' id='word_1_323' title='bbox 1419 4312 1601 4395; x_wconf 43' lang='lat' dir='ltr'><strong>,Cum</strong></span> <span class='ocrx_word' id='word_1_324' title='bbox 1691 4312 1804 4376; x_wconf 87' lang='lat' dir='ltr'><strong>alii</strong></span> <span class='ocrx_word' id='word_1_325' title='bbox 1869 4332 1987 4397; x_wconf 80' lang='lat' dir='ltr'><strong>per</strong></span> <span class='ocrx_word' id='word_1_326' title='bbox 2055 4316 2540 4402; x_wconf 82' lang='lat' dir='ltr'><strong>inspirationem</strong></span> <span class='ocrx_word' id='word_1_327' title='bbox 2605 4315 2896 4380; x_wconf 82' lang='lat' dir='ltr'><strong>notitiam</strong></span> 
     </span>
    </p>
   </div>
  </div>
 </body>
</html>
