3242 5259
229 578 349 655 De
400 578 590 670 loco,
641 575 713 653 in
767 600 908 678 quo
954 574 1289 680 apparuit
1337 576 1703 652 Dominus
1759 578 2044 655 Mariae
2082 579 2572 681 magdalenae
2680 559 2685 566 ’

1000 697 1074 773 in
1125 697 1357 773 forma
1412 696 1797 775 hortulani.

391 880 555 948 Post
591 878 881 963 capellae
922 872 1097 942 illius
1128 881 1567 945 visitationem
1614 878 1942 942 exivimus
1979 896 2125 944 cum
2156 881 2573 964 processione

225 985 313 1053 ad
356 989 723 1069 ecclesiam,
764 984 1243 1049 descendentes
1288 1003 1404 1068 per
1447 993 1724 1068 quatuor
1763 983 2025 1070 gradus,
2076 995 2143 1049 et
2183 986 2406 1049 statim
2448 987 2570 1049 sub

226 1090 539 1174 gradibus
583 1092 649 1154 in
695 1090 905 1155 locum
950 1092 1284 1172 venimus,
1325 1088 1436 1152 ubi
1491 1090 1559 1151 in
1601 1089 1972 1172 pavimento
2029 1102 2212 1155 erant
2256 1091 2381 1156 duo
2436 1091 2572 1154 cir-

227 1195 379 1280 culi,
421 1196 704 1279 quinque
738 1194 1044 1279 passibus
1086 1196 1168 1258 ab
1204 1192 1484 1257 invicem
1527 1192 1871 1278 distantem
1913 1196 1996 1259 de
2034 1198 2236 1281 polito
2279 1206 2346 1260 et
2388 1196 2575 1261 vario

228 1319 545 1365 marmore
586 1300 858 1364 formati.
937 1300 1027 1361 Et.
1082 1297 1205 1363 hos
1263 1297 1542 1363 circulos
1606 1300 2183 1384 circumstetimus,
2235 1309 2615 1365 cantantes·

230 1423 349 1489 ea,
411 1423 580 1489 quae
620 1413 805 1468 erant
854 1401 940 1468 ad
980 1406 1417 1488 propositum,
1484 1405 1656 1466 sicut
1720 1403 2207 1488 processionale
2268 1407 2572 1471 continet.

229 1507 363 1574 Hic
407 1509 643 1574 dicitur
686 1527 841 1573 esse
879 1504 1085 1592 locus,
1129 1512 1196 1572 in
1239 1527 1368 1593 quo
1399 1509 1722 1571 Dominus
1749 1509 1955 1573 Jesus
1999 1509 2295 1596 apparuit
2323 1509 2575 1574 Mariae

230 1614 664 1699 Magdalenae
718 1615 785 1677 in
828 1614 1034 1678 forma
1073 1613 1435 1697 hortulani,
1479 1621 1544 1676 et
1590 1614 1660 1676 in
1703 1613 1847 1677 loco
1890 1616 2082 1678 unius
2124 1617 2352 1680 circuli
2391 1618 2577 1679 stetit

228 1720 579 1803 Dominus,
636 1728 704 1783 et
743 1722 953 1782 Maria
994 1721 1061 1782 in
1119 1718 1265 1783 loco
1323 1718 1614 1789 alterius.
1700 1719 1830 1782 Hic
1891 1720 2103 1783 Maria
2163 1717 2435 1804 procidit
2489 1717 2574 1783 ad

228 1821 467 1909 pedes,
511 1842 636 1888 nec
676 1842 916 1908 passus
955 1825 1075 1888 fuit
1123 1841 1201 1887 se
1241 1824 1453 1906 tangi,
1515 1825 1672 1905 quia
1713 1821 1996 1887 nondum
2062 1825 2447 1889 ascenderat
2490 1824 2575 1887 ad

231 1938 512 2013 patrem,
600 1937 673 1992 ut
726 1931 1006 1994 habetur
1047 1930 1371 1994 Johannis
1413 1927 1563 1990 XX.
1610 1923 1868 1997 diffuse.

399 2034 534 2099 Res
576 2035 684 2099 hic
724 2045 915 2118 gesta
957 2053 1255 2118 magnam
1294 2035 1640 2117 peregrino
1684 2037 1917 2115 poterit
1962 2029 2119 2099 dare
2161 2031 2571 2101 devotionem

231 2139 298 2202 in
340 2138 589 2201 Mariae
631 2139 944 2223 exemplo.
1031 2140 1205 2202 Dum
1250 2140 1420 2202 enim
1480 2140 1547 2199 in
1615 2137 1961 2220 sepulchro
2024 2158 2152 2203 non
2213 2142 2577 2206 invenisset

231 2261 423 2327 quem
464 2245 825 2328 quaesivit,
867 2263 985 2328 per
1026 2259 1253 2309 omnes
1317 2240 1593 2324 angulos
1658 2241 1826 2304 horti
1882 2246 2164 2306 cucurrit
2225 2247 2574 2328 emigrans,

233 2366 412 2412 nunc
456 2351 615 2434 huc,
674 2368 846 2413 nunc
900 2350 1088 2434 illuc,
1158 2359 1223 2414 et
1267 2354 1445 2411 tanto
1490 2346 1730 2409 amoris
1767 2347 2069 2410 urebatur
2108 2349 2439 2431 incendio,
2502 2359 2574 2412 ut

233 2453 594 2517 foemineae
647 2455 1035 2520 infirmitatis
1099 2455 1299 2520 oblita
1357 2470 1483 2516 nec
1538 2452 1945 2517 tenebrarum
2007 2449 2383 2539 caliginem,
2450 2473 2574 2518 nec

236 2569 722 2642 persecutorum
804 2570 1107 2626 terrorem
1185 2561 1470 2642 timeret,
1535 2574 1662 2620 nec
1705 2557 2017 2622 custodes
2078 2570 2351 2623 curaret.
2437 2555 2573 2625 Sed
2652 2605 2699 2646 .-

233 2665 551 2746 cucurrit,
596 2666 930 2749 circuivit,
974 2667 1189 2748 flevit,
1231 2662 1562 2727 anhelavit
1640 2672 1707 2726 et
1770 2665 2033 2747 gemuit.
2118 2665 2203 2728 Et
2246 2664 2404 2729 nulli
2449 2665 2575 2729 du-

233 2769 452 2851 bium,
521 2769 581 2831 si
624 2768 686 2832 ei
748 2768 987 2833 dictum
1057 2769 1322 2833 suisset:
1389 2764 1604 2849 (uz
1622 2760 1732 2852 A)
1777 2787 1938 2833 ecce
1964 2815 1982 2852 ,
2045 2789 2238 2855 quem
2294 2771 2574 2854 quaeris,
2624 2783 2633 2794 ·

225 2872 362 2956 jam
407 2891 585 2935 mare
628 2893 932 2958 magnum
977 2875 1251 2956 transiit,
1294 2880 1476 2934 trans
1513 2883 1819 2937 montana
1861 2875 2086 2958 alpina
2127 2875 2450 2960 mIgravit‚
2491 2875 2572 2937 ab
2628 2875 2639 2884 “

233 2973 484 3041 oriente
534 2979 604 3040 in
675 2979 1081 3046 occidentem
1150 2995 1230 3042 se
1295 2973 1588 3058 reduxit,
1645 2987 1710 3040 et
1791 2980 1858 3043 in
1930 2980 2160 3045 ultima
2217 2979 2574 3046 occidentis

235 3083 505 3164 regione
555 3082 845 3169 habitat,
901 3087 1156 3170 statim,
1218 3101 1349 3145 non
1404 3082 1674 3145 attentis
1743 3075 1916 3147 mille
1987 3086 2327 3170 periculis,
2398 3104 2577 3149 mare

235 3183 632 3269 transiisset,
675 3201 792 3271 per
831 3197 1139 3252 montana
1179 3189 1601 3270 cucurrisset,
1647 3187 2053 3253 occidentem
2099 3191 2467 3274 lustrasset,
2509 3199 2577 3252 et

234 3307 448 3375 usqne
484 3293 552 3354 in
575 3293 971 3378 Hiberniam,
1009 3312 1180 3379 quae
1219 3294 1446 3357 ultima
1478 3286 1842 3357 occidentis
1884 3296 2066 3378 regio
2109 3302 2232 3377 est,
2259 3296 2572 3359 venisset».

233 3393 375 3459 Sed
434 3396 584 3479 pius
636 3396 957 3463 Dominus
1011 3400 1118 3463 hic
1178 3402 1249 3462 iu
1319 3399 1445 3462 boc
1506 3398 1652 3462 loco
1706 3401 2041 3484 apparuit,
2105 3410 2173 3464 et
2228 3418 2576 3484 numquam

231 3500 587 3563 occultabit
622 3519 700 3565 se
741 3502 881 3587 his,
922 3506 1034 3590 qui
1077 3506 1159 3568 ab
1202 3502 1541 3569 occidente
1582 3520 1701 3586 per
1750 3512 1932 3567 tanta
1976 3514 2287 3567 terrarum
2341 3504 2580 3571 discri-

235 3605 411 3668 mina
450 3615 518 3669 et
559 3624 871 3691 aquarum
928 3609 1217 3692 pericula
1256 3611 1388 3674 huc
1441 3610 1747 3690 veniunt,
1808 3616 1880 3671 ut
1951 3623 2133 3692 eum,
2188 3628 2385 3694 quem
2426 3610 2578 3674 dili-

231 3718 418 3792 gunt,
461 3720 791 3793 quaerant.
836 3712 989 3777 Non
1031 3714 1324 3797 aestimo,
1367 3714 1520 3796 quia
1557 3713 1946 3795 promittitur
1988 3714 2355 3778 Zachariae
2390 3715 2580 3778 vm.

236 3811 415 3876 Ecce
472 3832 628 3898 ego,
679 3815 920 3900 inquit,
983 3815 1255 3883 salvabo
1296 3815 1604 3903 populum
1668 3819 1882 3880 'meum
1927 3817 2011 3881 de
2052 3828 2223 3882 terra
2280 3821 2573 3902 orientis,

237 3927 304 3980 et
348 3918 431 3982 de
471 3925 649 3984 terra
701 3939 980 3985 occasus
1021 3923 1218 4007 solis,
1283 3931 1348 3986 et
1393 3917 1708 3985 adducam
1752 3935 1906 4006 eos,
1980 3931 2046 3984 et
2089 3919 2469 3989 habitabunt
2508 3926 2579 3989 in

235 4022 449 4087 medio
489 4023 894 4112 Jerusalem,
958 4036 1027 4090 et
1066 4035 1255 4091 erunt
1307 4026 1463 4090 mibi
1504 4026 1571 4089 in
1613 4025 1955 4110 populum,
2013 4037 2079 4091 et
2140 4047 2266 4112 ego
2329 4045 2441 4094 πο
2484 4031 2585 4093 eis

235 4128 306 4188 ln
357 4128 588 4193 Deum.
675 4129 786 4193 Ad
828 4131 1032 4214 pedes
1072 4151 1229 4216 ergo
1268 4129 1535 4194 Domini
1569 4129 1740 4194 Jesu
1775 4148 1898 4194 nos
1937 4132 2049 4196 hic
2088 4136 2582 4218 prostravimus,

237 4239 306 4293 et
366 4232 584 4297 saltim
648 4236 937 4322 vestigia
1012 4237 1156 4320 eJus
1241 4234 1604 4302 deosculati
1666 4252 1927 4320 sumus,
2013 4245 2080 4301 et
2143 4237 2584 4322 indulgentias

238 4336 603 4418 recepimus
648 4340 782 4424 st).

2093 4492 2161 4554 to
