3242 5259
1667 315 1753 378 48

415 559 432 578 ,
527 495 828 570 deminus
874 453 1059 562 meus
1097 495 1182 562 ad
1224 445 1631 582 sew'edepit,
1655 491 1729 560 et*
1762 499 1839 582 ip.
1878 495 2287 562 Alemniam
2347 494 2636 582 reduxit,
2680 517 2870 583 quem

401 611 480 688 ,ἶ
534 605 962 670 miserrimum
1041 602 1415 685 reperimus.
1509 601 1665 665 ruit
1751 610 1967 694 autem
2044 589 2251 700 Galea
2327 610 2550 665 nostra
2614 613 2877 692 propter

503 707 784 776 'illorum
839 709 1212 790 ingressum
1281 705 1455 772 facta
1497 716 1636 768 arta
1688 717 1753 770 et
1814 707 2131 790 inquieta,
2197 714 2261 768 et
2317 709 2703 791 navigantes
2746 730 2877 806 per

529 826 764 879 ventos
820 812 1088 880 inutiles
1151 831 1269 894 per
1321 810 1583 875 diversa
1620 811 1768 875 loca
1808 827 2035 875 sumus
2082 812 2442 898 deportati,
2504 823 2572 877 et
2611 815 2880 882 multum

483 963 494 972 -
531 921 866 992 defectum
922 917 1348 979 sustinuimus
1406 925 1753 999 antequam
1796 926 2049 1000 portum
2091 914 2476 982 Cretensem
2512 922 2883 1003 apprehen-

531 1023 760 1090 dimus.
810 1020 957 1101 Quo
998 1021 1259 1084 tetidem
1304 1021 1537 1104 adepto
1562 1022 1825 1085 Cretam
1855 1024 2136 1106 ingressi
2161 1041 2409 1106 sumus,
2455 1035 2521 1086 et
2558 1025 2880 1108 aliquibus

530 1129 765 1198 diebus
801 1129 895 1192 ibi
937 1109 1316 1208 mansimus,
1365 1136 1515 1209 post
1558 1146 1724 1212 quos
1780 1146 1928 1191 sero
1967 1126 2246 1211 quodam
2270 1125 2545 1192 Galeam
2589 1129 2874 1212 ingressi

527 1219 777 1317 sumus,
822 1241 893 1295 ut
937 1232 1004 1294 in
1047 1240 1240 1294 nocte
1283 1230 1756 1315 recederemus,
1799 1232 2254 1322 introferentes
2292 1251 2555 1315 eaqme
2581 1235 2874 1300 emimus.

526 1340 728 1424 Mane
772 1338 945 1400 facto
1010 1345 1078 1399 et
1134 1334 1339 1399 Galea
1380 1336 1598 1400 soluta
1641 1357 1681 1400 a
1724 1336 2034 1422 tonsillis,
2098 1357 2248 1403 cum
2291 1356 2436 1402 eam
2478 1338 2562 1401 ad
2603 1349 2875 1402 ventum

465 1449 480 1464 ‘
528 1443 956 1526 importunius
1019 1449 1393 1524 verterent,
1463 1452 1671 1526 temo,
1722 1444 1871 1506 sive
1923 1442 2440 1526 gubernaculum
2507 1444 2775 1528 impegit
2811 1446 2879 1508 in

523 1541 898 1633 scopulosf‘
916 1556 981 1609 et
1032 1547 1156 1611 sub
1203 1562 1374 1628 aqua
1416 1548 1604 1631 rupit,
1651 1557 1717 1611 et
1748 1547 2070 1612 modicum
2113 1547 2417 1632 distabat,
2463 1549 2635 1634 quod
2687 1552 2881 1614 navis

523 1671 676 1740 pum
724 1661 933 1715 rostro
978 1670 1209 1734 prorae
1250 1652 1319 1714 in
1355 1662 1572 1734 petras
1617 1653 1699 1717 (le
1739 1653 1953 1717 littore
1995 1655 2433 1737 prominentes
2474 1655 2876 1739 impegisset,

529 1766 596 1820 et
640 1765 776 1819 tota
816 1754 1024 1820 Galea
1067 1765 1262 1840 rupta
1298 1766 1365 1818 et
1402 1755 1720 1839 dissipata
1742 1758 1993 1840 fnisset,
2026 1757 2173 1840 (B)
2219 1768 2284 1820 et
2319 1776 2440 1822 uos
2461 1763 2878 1843 perissemus.

536 1860 945 1945 Quapropter
986 1861 1230 1924 clamor
1270 1879 1549 1943 maguus
1617 1845 1683 1923 in
1727 1862 1927 1925 altum
1986 1861 2296 1925 attollitur
2352 1875 2421 1926 et
2464 1873 2879 1927 accurrentes

529 1967 755 2050 populi
812 1965 896 2028 de
946 1967 1216 2029 civitate
1266 1964 1552 2048 periculo
1607 1976 1830 2030 nostro
1886 1984 2271 2030 succurrere
2325 1969 2690 2051 cupientes.
2790 1968 2876 2031 Et

532 2072 680 2155 quia
724 2080 895 2134 temo
974 2072 1108 2154 jam
1156 2079 1412 2154 ruptum
1478 2080 1653 2154 erat,
1711 2073 2025 2154 navigare
2086 2083 2216 2136 non
2278 2081 2686 2156 poteramus,
2759 2070 2882 2136 sed

529 2173 810 2239 'Galeam
852 2173 1297 2240 reinduximus
1360 2178 1425 2239 iu
1475 2184 1730 2258 portum
1793 2176 1878 2239 ad
1940 2175 2153 2241 locum
2195 2177 2309 2240 ubi
2356 2179 2534 2261 prius
2577 2186 2869 2240 steterat.

532 2278 810 2358 Quidam
866 2291 1086 2345 autem
1141 2284 1245 2346 vir
1323 2282 1629 2365 aquarius
1700 2281 2032 2365 dispositis
2093 2284 2289 2347 rebus
2333 2282 2417 2345 ad
2456 2283 2880 2347 refectionem

529 2387 956 2470 gubernaculi
996 2405 1073 2449 se
1115 2386 1418 2469 parabat,
1471 2385 1598 2449 hoc
1654 2386 1845 2450 modo
1920 2388 2109 2450 nobis
2179 2387 2572 2453 videntibus.
2679 2388 2881 2451 Exuit

532 2509 613 2554 se
653 2492 969 2574 vestibus,
1013 2509 1226 2575 usque
1270 2489 1353 2553 ad
1393 2491 1747 2574 femoralia,
1794 2501 1857 2555 et
1901 2494 2192 2575 acceptis
2235 2492 2467 2575 clavis,
2515 2492 2750 2557 malleo
2807 2501 2873 2556 et

531 2594 790 2678 forcipe
829 2595 1055 2660 infecit
1094 2614 1170 2659 se
1214 2596 1396 2679 mari,
1434 2604 1498 2659 et
1542 2593 1872 2660 ferebatur
1907 2598 1972 2659 in
2001 2598 2393 2681 profundum
2435 2598 2517 2661 ad
2554 2607 2883 2681 rupturam

535 2700 810 2764 temonis
830 2745 852 2785 ,
912 2710 981 2765 et
1043 2702 1147 2765 sic
1200 2702 1322 2764 sub
1368 2718 1537 2786 aqua
1591 2701 1934 2765 fabricavit
1988 2703 2219 2766 elavos
2273 2703 2622 2766 extrahens
2639 2747 2660 2786 ,
2717 2702 2880 2765 alios

532 2806 879 2871 incutiens.
927 2805 1013 2870 Et
1052 2815 1201 2890 post
1225 2806 1484 2890 longam
1525 2825 1790 2890 moram,
1829 2825 1978 2870 cum
1998 2809 2211 2870 omnia
2248 2807 2607 2888 refecisset,
2646 2804 2884 2888 prodiit

533 2905 618 2974 de
659 2911 1012 2994 profundo,
1059 2921 1125 2974 et
1168 2910 1251 2973 ad
1294 2915 1416 2974 iios
1471 2910 1769 2974 ascendit
1823 2910 2149 2974 scandens
2213 2925 2473 2978 sursum
2540 2929 2658 2992 per
2710 2909 2882 2972 latus

534 3013 796 3078 Galeas.
827 3015 1040 3077 Haec
1080 3015 1341 3097 quidem
1381 3013 1684 3096 vidimus,
1728 3014 1849 3076 sed
1892 3033 2019 3097 quo
2038 3014 2253 3084 'mado
2297 3013 2534 3077 artifex
2591 3011 2702 3077 ilie
2755 3014 2878 3077 sub

537 3136 710 3201 aqua
759 3119 1126 3202 spiraverit,
1169 3129 1236 3181 et
1277 3117 1599 3203 quomodo
1636 3118 1870 3194 malleo
1915 3107 2255 3202 percutere
2279 3119 2554 3204 potuerit
2569 3099 2603 3201 ‚‘
2642 3126 2710 3180 et
2748 3126 2882 3181 tam

538 3220 652 3284 diu
698 3240 964 3285 manere
1019 3224 1098 3287 in.
1156 3224 1344 3305 aquis
1400 3221 1599 3286 salsis
1667 3219 1926 3305 penitus
1980 3223 2261 3306 ignoro?
2335 3220 2476 3285 Sed
2535 3222 2663 3312 hoc
2720 3224 2883 3306 scio,

540 3327 1063 3414 quod·i‘ngeuium
1084 3328 1432 3392 humanum
1473 3328 1627 3409 igne
1670 3336 1735 3389 et
1757 3328 1944 3411 aquis
1968 3327 2561 3416 dominatu-,sicut
2600 3328 2883 3393 humana

540 3433 702 3495 ratio
745 3429 959 3496 astris.
1042 3433 1241 3496 Porro
1285 3431 1628 3496 reformato
1669 3441 1946 3517 temone,
2004 3437 2152 3518 cupi
2198 3431 2346 3522 ᾆξαι
2397 3434 2705 3498 recedere
2746 3453 2878 3499 non

541 3545 935 3620 putaremus,
977 3539 1265 3602 surrexit
1313 3546 1550 3601 ventus
1588 3539 1775 3602 nobis
1837 3527 2232 3623 contrarius‘,
2294 3540 2401 3608 ite„
2454 3540 2631 3622 quod
2675 3539 2883 3604 Galea

536 3659 665 3705 non
728 3651 990 3725 poterat¹
1048 3662 1173 3707 nec
1225 3651 1415 3709 extra
1465 3653 1749 3726 portum,
1785 3644 2006 3728 educi,
2062 3653 2127 3707 et
2178 3645 2466 3727 regressi
2526 3662 2753 3709 sumus
2804 3646 2872 3707 in

535 3748 867 3814 civitatem
912 3747 995 3811 ad
1037 3749 1183 3812 loca
1230 3747 1405 3816 unde
1449 3750 1793 3833 exivimus,
1839 3760 1906 3813 et
1946 3750 2342 3814 comedimus
2385 3758 2449 3812 et
2492 3750 2784 3813 bibimus.

705 3854 821 3916 Est
869 3854 1042 3917 enim
1086 3855 1365 3946 optimus
1408 3863 1474 3917 et
1517 3854 1984 3938 pinguissimus
2039 3857 2236 3919 maris
2292 3862 2517 3938 portus
2577 3853 2875 3920 omnibus

533 3958 754 4021 mundi
795 3939 983 4024 bonis
1025 3943 1400 4023 abundans:
1457 3961 1807 4044 praecipue
1862 3969 2076 4024 tamen
2126 3947 2215 4023 ibi
2268 3968 2370 4023 est
2420 3959 2644 4022 vinum
2706 3955 2879 4020 Cre-

531 4065 766 4148 ticum,
833 4064 1004 4149 quod
1075 4082 1198 4129 nos
1240 4065 1645 4128 nominamus
1720 4063 2175 4147 malphaticum
2201 4109 2222 4147 ,
2281 4066 2346 4126 in
2420 4071 2556 4127 toto
2634 4061 2879 4126 mundo

530 4178 774 4254 notum,
812 4179 884 4233 et
920 4169 1136 4234 omnia
1167 4173 1330 4233 'sunt
1394 4170 1482 4234 ibi
1525 4170 1592 4232 in
1652 4153 1821 4232 bono
1870 4170 2026 4232 foro.
2114 4169 2270 4232 Ideo
2311 4185 2517 4250 grave
2572 4186 2705 4230 nou
2758 4167 2879 4231 fuit

533 4275 722 4338 nobis
764 4276 852 4338 ibi
894 4293 1180 4358 manere,
1220 4273 1338 4337 sed
1383 4272 1685 4357 optabile.
1774 4273 1929 4338 Ideo
1993 4276 2169 4338 cirea
2226 4287 2545 4355 vesperas
2589 4274 2878 4336 revocati

485 4379 772 4445 :fuimus
813 4382 880 4445 in
927 4361 1196 4444 Galeam
1250 4389 1317 4445 et
1355 4379 1465 4442 alii
1522 4379 1691 4443 citus
1714 4425 1735 4464 ,
1794 4378 1904 4443 alii
1964 4378 2211 4444 tardius
2291 4376 2638 4442 redierunt.
2728 4377 2874 4463 Ego
