3242 5259
0 832 25 944 ί,

1350 321 1431 389 61

202 600 514 689 Modus
543 598 945 712 quomodo
980 599 1083 683 F.
1115 597 1219 681 1³¹.
1266 596 1370 695 F.
1405 618 1505 681 se
1535 595 1934 707 disposuit
1975 598 2082 684 ad
2117 600 2555 689 secundam

202 738 815 852 Evagationem
846 738 988 823 vel
1022 734 1765 850 peregrinationem
1795 735 2113 821 'l'errae
2163 734 2552 849 Sanctae,

593 874 1079 984 Jerusalem,
1131 870 1401 984 syon,
1449 874 1534 956 et
1585 866 1880 957 montis
1931 870 2222 981 synai.

379 1055 809 1140 Evagatiooe
862 1070 1011 1119 mea
1069 1053 1273 1137 prima
1338 1061 1636 1138 peracta,
1701 1061 1775 1116 ut
1828 1074 1948 1138 pro
2008 1063 2196 1137 parte
2260 1056 2553 1137 recitavi,

203 1180 408 1224 sanus
453 1162 713 1245 quidem
755 1179 1025 1244 corpore
1088 1160 1343 1223 Ulmam
1394 1160 1582 1244 veni,
1632 1166 1700 1220 et
1762 1159 1829 1221 in
1872 1160 2253 1242 apparentia
2304 1159 2543 1224 laetum

192 1264 678 1349 jocundumque
740 1284 846 1329 me
911 1265 1205 1332 exhibuit
1285 1266 1489 1327 tristis
1546 1273 1765 1327 tamen
1825 1271 1892 1326 et
1956 1264 2284 1347 inquietus
2335 1267 2554 1328 auimo

197 1381 266 1435 et
346 1371 541 1433 corde
611 1370 737 1454 fui,
804 1376 1066 1453 propter
1146 1369 1618 1433 solicitudinem
1716 1377 1783 1431 et
1849 1385 2105 1451 curam,
2175 1386 2367 1452 quam
2446 1386 2554 1432 me

197 1477 561 1542 habiturum
637 1475 997 1538 sentiebam
1062 1493 1178 1556 pro
1260 1475 1387 1537 alia
1469 1473 1988 1557 peregrinatione
2061 1481 2126 1536 et
2192 1473 2402 1536 reditu
2467 1472 2551 1537 ad

197 1588 437 1644 terram
479 1590 774 1644 sanctam
845 1588 912 1642 et
947 1579 1357 1641 Jerusalem:
1402 1579 1570 1641 sicut
1622 1578 1933 1660 proposui
1974 1577 2040 1639 in
2084 1595 2359 1660 egressu
2400 1596 2548 1642 meo

200 1684 284 1747 de
356 1686 621 1747 civitate
683 1694 944 1766 sancta,
1021 1684 1191 1767 quod
1257 1692 1473 1745 tamen
1534 1683 1934 1763 propositum
1997 1680 2157 1744 nulli
2220 1682 2549 1745 hominum

203 1789 637 1853 manifestavi.
683 1790 1116 1873 Nequaquam
1153 1790 1324 1850 enim
1364 1795 1711 1850 contentus
1764 1786 1858 1850 fui
1918 1785 2002 1849 de
2033 1788 2552 1869 peregrinatione

203 1894 444 1977 prima,
488 1897 645 1977 quia
716 1895 908 1956 nimis
967 1893 1207 1955 festina
1249 1893 1371 1956 fuit
1424 1901 1490 1955 et
1541 1894 1797 1975 brevis,
1856 1900 1920 1953 et
1963 1911 2080 1974 per
2133 1892 2279 1956 loca
2318 1901 2549 1956 sancta

202 1998 606 2062 cucurrimus
642 2000 893 2082 absque
916 1997 1251 2061 intellectu
1280 2005 1347 2060 et
1386 1999 1531 2060 sine
1563 1994 1823 2059 affectu.
1864 1996 2019 2060 Non
2048 1999 2244 2059 etiam
2278 1995 2551 2062 dabatur

201 2103 390 2167 nobis
433 2110 688 2186 tempus
732 2104 1041 2167 visitandi
1089 2102 1405 2188 quaedam
1448 2101 1577 2165 alia
1620 2100 1767 2165 loca
1805 2111 2035 2164 sancta
2069 2111 2201 2164 tam
2235 2102 2303 2164 in
2343 2103 2548 2165 Jeru-

202 2206 442 2288 salem,
485 2225 679 2291 quam
718 2219 926 2272 extra.
995 2209 1142 2272 Nec
1183 2208 1483 2292 permissi
1529 2202 1774 2270 fuimus
1813 2207 1941 2271 nisi
1983 2206 2186 2269 semel
2231 2205 2547 2270 duntaxat

202 2311 480 2375 circuire
505 2323 784 2378 montem
819 2316 1064 2398 oliveti,
1099 2322 1166 2376 et
1203 2314 1346 2377 loca
1388 2312 1563 2395 ejus3
1608 2319 1675 2374 et
1705 2309 2042 2373 Bethleem
2067 2328 2147 2373 ac
2164 2311 2549 2375 Bethaniam

203 2435 335 2480 non
379 2417 506 2481 nisi
567 2418 806 2502 semel,
875 2429 943 2482 et
1004 2420 1072 2481 in
1131 2418 1416 2481 tenebris
1472 2416 1778 2479 vidimus.
1888 2414 2139 2480 Idcirco
2203 2425 2548 2499 postquam

202 2519 454 2585 Ulmam
497 2522 677 2604 redii,
721 2531 788 2585 et
832 2522 915 2583 de
955 2522 1301 2604 sepulchro
1348 2522 1762 2585 sanctissimo
1787 2520 2048 2584 Domini
2090 2540 2169 2584 ac
2203 2520 2545 2605 praesepio

202 2623 348 2706 ejus
408 2633 474 2685 et
550 2624 634 2685 de
703 2625 970 2686 civitate
1041 2634 1271 2687 sancta
1337 2624 1705 2689 Jerusalem
1761 2633 1828 2688 et
1890 2624 1974 2687 de
2035 2626 2361 2688 montibus
2428 2642 2549 2708 per

203 2729 550 2791 circuitum
592 2729 736 2808 ejus
797 2729 1085 2811 cogitare
1146 2730 1290 2811 cepi
1301 2773 1322 2812 ,
1376 2731 1669 2811 species,
1740 2729 1983 2793 formae
2026 2738 2092 2793 et
2132 2728 2547 2793 habitudines

194 2831 458 2895 illorum
502 2829 792 2929 locorum
834 2842 901 2896 et
972 2834 1243 2895 aliorum
1287 2833 1595 2916 sugerunt
1639 2852 1680 2898 a
1724 2854 1862 2918 me,
1901 2844 1968 2898 et
2013 2833 2362 2919 apparebat
2389 2833 2548 2897 mihi

197 2944 373 2999 terra
417 2946 649 2999 sancta
694 2951 760 3001 et
793 2937 1162 3001 Jerusalem
1209 2956 1355 3001 cum
1399 2937 1562 3001 locis
1605 2940 1746 3002 suis
1789 2942 1910 3002 sub
1945 2939 2223 3023 quadam
2266 2937 2551 3019 caligine

199 3041 581 3125 tenebrosa,
641 3061 719 3105 ac
762 3045 821 3107 si
882 3044 950 3106 in
1008 3045 1259 3107 somnis
1302 3060 1382 3105 ea
1436 3042 1775 3113 vidissem.
1858 3044 2335 3109 Bit-videbatur
2388 3042 2549 3106 mihi

199 3144 372 3227 quod
409 3147 621 3210 minus
654 3150 888 3213 scirem
917 3149 999 3213 de
1032 3150 1329 3212 omnibus
1375 3147 1540 3211 locis
1580 3150 1857 3231 sanctis,
1901 3167 2095 3232 quam
2138 3156 2290 3211 ante
2325 3164 2548 3211 eorum

195 3249 667 3336 visitationem3
713 3256 884 3318 unde
943 3254 1211 3336 accidit,
1277 3251 1448 3335 quod
1472 3300 1477 3301 ff
1501 3253 2060 3335 interrogantibus
2105 3271 2210 3316 me
2251 3251 2334 3315 de
2382 3251 2546 3314 locis

200 3356 449 3418 sanctis
527 3357 774 3420 nullum
841 3378 1068 3422 verum
1131 3359 1286 3420 dare
1354 3358 1535 3440 potui
1613 3375 2029 3439 responsum,
2109 3376 2235 3420 nec
2298 3364 2545 3421 certum

197 3460 608 3523 conscribere
649 3462 1132 3544 Evagatorium.
1179 3462 1627 3524 Vehementer
1672 3479 1829 3544 ergo
1874 3460 2070 3544 dolui,
2113 3460 2285 3544 quod
2329 3469 2544 3525 tantas

200 3563 517 3646 miserias,
578 3565 917 3646 angustias
962 3573 1026 3626 et
1091 3565 1348 3627 labores
1399 3564 1544 3647 (B)
1619 3566 1999 3648 habueram,
2076 3575 2292 3628 tantas
2348 3569 2543 3630 etiam

197 3672 508 3748 pecunias
586 3668 1054 3750 expenderem,
1119 3677 1500 3752 tantumque
1559 3671 1866 3753 temporis
1920 3668 2359 3756 perdideram,
2401 3673 2548 3735 sine

200 3772 411 3835 fructu
422 3818 443 3855 ,
486 3774 632 3835 sine
658 3772 1121 3855 consolatione,
1148 3773 1294 3835 sine
1337 3773 1727 3856 cognitione.
1785 3773 2000 3856 Saepe
2046 3773 2197 3837 dum
2242 3796 2356 3858 pro
2397 3794 2545 3840 mea

197 3877 641 3941 consolatione
684 3896 789 3939 me
831 3878 1123 3939 converti
1166 3876 1249 3941 ad
1284 3877 1704 3962 cogitandum
1749 3876 1832 3940 de
1866 3879 2233 3943 Jerusalem
2276 3890 2343 3943 et
2379 3866 2545 3945 locis

198 3982 446 4043 sanctis
458 4021 481 4057 ,
529 3990 595 4043 et
660 3981 932 4045 dubiosa
981 3981 1357 4065 imaginatio
1401 3982 1558 4045 mihi
1601 3993 1991 4068 occurreret,
2035 3986 2195 4048 mihi
2228 3986 2355 4069 ipsi
2398 4005 2544 4050 cum

198 4083 645 4167 indignatione
709 4087 1047 4171 respondi:
1113 4087 1362 4151 desIste
1405 4105 1650 4171 quaeso
1697 4085 1781 4150 de
1835 4089 1968 4153 illis
2012 4089 2174 4154 locis
2239 4093 2546 4174 cogitare,

196 4197 392 4271 putas
435 4191 605 4253 enim
650 4198 718 4253 te
755 4194 844 4257 ibi
888 4195 1113 4258 fuisse.
1160 4193 1263 4259 Ex
1302 4193 1409 4257 his
1440 4202 1595 4259 tunc
1627 4192 2089 4259 lnardescebat
2156 4194 2550 4262 desiderium

200 4292 514 4358 redeundi
556 4295 641 4359 ad
688 4298 1151 4382 experiendum
1213 4300 1583 4367 veritatem.
1670 4295 1810 4361 Sed
1849 4319 2004 4365 mox
2044 4302 2443 4384 sequebatur
2481 4300 2551 4361 in

200 4414 311 4459 me
366 4415 540 4463 nova
579 4401 871 4488 tristitia,
943 4422 1029 4468 ex
1087 4421 1168 4469 eo
1227 4402 1401 4487 quod
1466 4402 1780 4468 redeundi
1837 4405 2095 4471 modum
2155 4402 2381 4509 videre
2421 4419 2553 4464 non
