3242 5259
1634 312 1766 381 m

535 502 605 569 ln
647 498 809 565 loeis
851 495 1116 579 suis‚.et
1159 494 1484 580 fugerunt.
1527 493 1817 559 malas
1867 493 2021 559 illas
2062 508 2330 560 meinos
2373 513 2543 581 sum,
2578 507 2649 562 et
2688 500 2902 564 habet

534 602 862 686 quaelibet
896 601 1026 664 vn
1076 599 1281 683 pedes
1340 601 1410 663 ln
1451 599 1657 664 latum
1714 608 1781 663 et
1841 599 1970 663 XII
2012 599 2083 662 in
2144 599 2443 687 longum,
2524 612 2591 667 et
2640 604 2899 689 politae

537 707 757 789 [sunt]
804 713 883 769 ut
923 703 1283 788 speculum.
1359 712 1372 723 ⁸

705 810 857 873 Non
902 818 1055 874 sunt
1096 808 1284 873 multi
1307 808 1482 877 ,anni
1524 809 1771 892 elapsi,
1813 807 1988 892 qnod
2031 807 2294 891 quidam
2321 810 2605 893 J'nvenes
2643 811 2896 876 Sarra-

535 915 717 998 eeni,
791 915 906 998 qni
977 932 1210 979 manns
1278 913 1641 998 sacrilegas
1701 914 1809 978 bis
1884 914 2097 977 sacris
2172 912 2498 998 lapidibus
2556 935 2895 1000 apponere

534 1028 1065 1103 praesumserunt
1080 1063 1102 1101 ,
1169 1020 1429 1084 fuerunt
1494 1019 1728 1102 puniti.
1825 1018 1948 1081 Est
2006 1019 2178 1081 enim
2246 1019 2419 1102 apud
2479 1019 2893 1087 Sarracenos

535 1126 789 1209 opinio,
830 1123 1005 1208 quod
1050 1123 1174 1188 sub
1219 1122 1436 1207 lapide
1475 1123 1848 1187 nativitatis
1904 1121 2164 1186 Domini
2246 1132 2315 1185 et
2354 1127 2477 1187 sub
2520 1128 2891 1209 praesepio,

533 1231 668 1295 sint
709 1228 1021 1293 reconditi
1065 1228 1363 1292 thesauri
1405 1226 1949 1310 inaestimabiles,
1988 1226 2110 1290 sed
2151 1246 2283 1291 non
2332 1229 2468 1292 sint
2508 1231 2891 1313 reperibiles

533 1333 1018 1401 nec.visibiles.
1109 1331 1393 1412 Quidam
1443 1341 1661 1396 autem
1695 1330 1980 1414 juvenes
2037 1332 2295 1396 curiosi.
2318 1340 2385 1396 et
2425 1333 2643 1416 cupidi
2693 1344 2893 1399 noete

529 1458 654 1524 per
718 1440 1070 1503 fenestram
1086 1484 1108 1522 ,
1174 1456 1345 1523 quae
1388 1446 1492 1502 est
1533 1454 1734 1520 supra
1775 1435 1980 1499 altare
2044 1436 2558 1500 circumcisionis
2598 1440 2887 1522 Domini,

534 1544 605 1607 in
667 1543 1015 1609 ecclesiam
1081 1541 1517 1624 scandet-unt,
1589 1549 1658 1604 et
1720 1540 2006 1623 ingressi
2076 1557 2342 1623 specum
2401 1544 2888 1607 sanctissimam

535 1648 790 1713 tabulas
824 1646 1019 1730 juxta
1059 1645 1274 1711 locum
1336 1647 1709 1710 nativitatis
1754 1654 1821 1709 et
1869 1645 2057 1728 juxta
2098 1663 2418 1730 praesepe
2472 1646 2883 1731 levaverunt,

535 1760 605 1815 et
642 1750 949 1835 quidquid
992 1750 1396 1834 levaverunt,
1438 1751 1508 1813 in
1551 1751 1849 1814 manibus
1877 1768 2095 1814 eorum
2128 1752 2583 1815 comminutum
2626 1753 2772 1835 fnit,
2813 1760 2886 1816 et

536 1857 688 1921 dnm
752 1854 975 1920 fodero
1044 1855 1435 1937 inciperent,
1496 1861 1717 1917 tantus
1777 1854 1965 1917 timor
2027 1863 2095 1918 et
2139 1861 2378 1918 tremor
2438 1875 2556 1920 eos
2605 1858 2883 1941 accepit,

537 1960 714 2044 qnod
756 1958 1008 2022 reliefls
1061 1959 1504 2023 instrumentis
1543 1975 1668 2039 per
1714 1956 2104 2040 fenestram,
2162 1977 2280 2042 per
2321 1977 2519 2042 quam
2564 1963 2882 2025 intrave-

542 2073 719 2146 rant,
765 2060 1175 2141 ceciderunt,
1220 2068 1288 2121 et
1327 2076 1367 2121 e
1406 2060 1620 2141 patria
1677 2061 2153 2146 migraverunt,
2218 2080 2341 2127 nec
2396 2063 2634 2146 aliquis
2672 2084 2881 2149 expe-

483 2154 492 2171 ’
542 2170 650 2235 riri
689 2174 984 2254 poterat,
1022 2182 1154 2248 quo
1197 2163 1378 2247 fures
1419 2162 1514 2227 illi
1548 2165 1869 2229 venerint.
1957 2165 2213 2231 Dicitur
2251 2186 2370 2250 pro
2410 2176 2626 2252 certo,
2668 2177 2736 2232 et
2777 2177 2884 2232 est

541 2274 964 2340 indubitatum
1007 2267 1180 2355 apud
1220 2267 1389 2352 illos,
1431 2270 1544 2351 qui
1578 2268 1769 2353 juxta
1809 2270 2022 2336 locum
2060 2279 2410 2353 morantur,
2442 2272 2616 2355 qnod
2659 2273 2882 2338 nullus

543 2380 949 2444 Sarracenos
993 2394 1113 2459 per
1152 2391 1231 2438 se
1266 2374 1406 2437 suis
1440 2375 1738 2438 manibus
1778 2382 1998 2458 potest
2035 2375 2281 2462 aliquid
2320 2375 2404 2440 (le
2444 2377 2558 2441 illa
2598 2378 2883 2443 ecclesia

545 2484 795 2548 tollere.
881 2481 969 2544 Et
1006 2482 1067 2543 si
1110 2479 1346 2562 aliquis
1387 2478 1794 2543 Sarracenus
1829 2481 2182 2563 praesumit
2235 2497 2495 2545 manum
2550 2500 2882 2567 apponere

543 2586 688 2667 (B)
740 2587 827 2650 ad
889 2582 1308 2650 auferendum
1323 2629 1344 2667 ,
1411 2601 1542 2649 non
1602 2584 1841 2649 evadet
1898 2585 2291 2671 punitionem
2353 2586 2664 2671 aliquam,
2720 2586 2882 2672 quin

544 2693 925 2776 castigetur.
981 2691 1140 2754 Istis
1180 2697 1398 2752 tamen
1440 2706 1571 2754 non
1614 2690 2016 2754 obstantibus
2055 2691 2298 2754 multae
2339 2692 2600 2755 tabulae
2634 2692 2883 2775 politae

545 2805 704 2860 sunt
740 2793 1096 2880 parietibus
1125 2792 1455 2858 detractae
1482 2812 1602 2875 per
1645 2793 1823 2858 fures
1856 2795 2270 2860 christianos.
2312 2796 2486 2860 Nam
2521 2796 2880 2861 orientales

546 2898 901 2965 Christiani
955 2898 1135 2962 fures
1207 2898 1429 2961 miseri
1481 2898 1713 2963 tollunt
1761 2899 1951 2982 talia,
2016 2909 2087 2963 et
2129 2898 2509 2964 Sarracenis
2564 2898 2878 2984 vendunt,

548 3003 723 3071 ande
764 3018 1244 3085 nonnumquam
1285 3000 1631 3066 Sarraceni
1670 2984 1911 3085 pretio'
1942 3004 2331 3069 christianos
2394 3004 2579 3069 fures
2620 3003 2876 3068 condu-

545 3115 736 3188 cunt,
777 3115 849 3168 ut
889 3105 987 3167 eis
1029 3104 1284 3168 tabulas
1323 3106 1867 3188 concupiscibiles
1900 3108 2212 3172 furentur.
2281 3108 2369 3171 Et
2407 3109 2567 3179 nulli
2602 3106 2877 3171 dublum

545 3212 654 3291 sit,
680 3209 741 3272 si
761 3208 1126 3276 sarraceni.
1149 3219 1418 3291 possent
1459 3209 1575 3272 illa
1615 3208 1897 3292 lapidum
1942 3220 2319 3277 ornamenta
2349 3212 2597 3294 tollere,
2634 3210 2877 3275 dudum

545 3316 760 3381 omnia
819 3319 1045 3377 essent
1085 3311 1361 3375 sublata.
1447 3309 1585 3375 Sed
1645 3312 1830 3377 Deus
1880 3333 1999 3397 pro
2041 3315 2308 3400 aliquali
2369 3324 2594 3380 nostra
2633 3331 2881 3380 conso-

546 3419 787 3487 latione
823 3424 893 3480 et
934 3435 1050 3499 pro
1092 3433 1215 3478 sua
1253 3414 1463 3498 gloria
1503 3416 1652 3480 loca
1692 3416 1806 3481 illa
1858 3419 2175 3502 custodit,
2219 3428 2284 3483 et
2337 3429 2550 3483 tamen
2599 3421 2667 3483 in
2708 3437 2877 3482 con-

522 3532 813 3588 temtum
855 3519 1083 3584 venire
1116 3520 1422 3604 permittit
1461 3540 1579 3603 pro
1618 3531 1842 3585 nostra
1883 3524 2093 3609 culpa.
2132 3526 2210 3588 In
2250 3542 2395 3587 mea
2432 3524 2640 3607 prima
2679 3540 2877 3605 pere-

545 3628 910 3710 grinatione
983 3633 1221 3690 tectum
1297 3624 1655 3708 ecclesiae,
1728 3626 1904 3711 quod
1984 3630 2443 3712 gravissImnm
2516 3636 2649 3711 est,
2720 3627 2877 3710 quia

544 3730 945 3814 plumbeum,
998 3732 1360 3794 minabatur
1414 3730 1663 3794 ruinam
1733 3749 1935 3814 snpra
1987 3733 2285 3814 chorum,
2354 3740 2423 3797 et
2482 3749 2611 3796 non
2686 3730 2877 3794 aliter

540 3836 1058 3917 sustentabatur,
1101 3835 1227 3903 nisi
1280 3835 1568 3898 trabibus
1632 3835 1844 3917 longis
1887 3853 1927 3898 a
1968 3838 2342 3919 pavimento
2384 3836 2567 3900 chori
2608 3852 2868 3898 sursum

542 3937 890 4020 porrectis,
953 3938 1186 4020 quibus
1241 3937 1651 4001 innitebatur.
1737 3939 1927 4002 Unde
1982 3960 2099 4024 pro
2160 3949 2318 4004 tunc
2375 3939 2631 4021 optavi,
2698 3935 2870 4021 quod

538 4039 722 4104 Deus
767 4040 1116 4103 suscitaret
1159 4057 1378 4123 regem
1397 4040 1584 4124 Joas,
1629 4040 1711 4104 de
1759 4060 1887 4128 quo
1935 4044 2212 4109 babetur
2251 4044 2483 4126 4Reg.
2533 4045 2656 4126 12,
2694 4044 2867 4128 quod

521 4141 912 4207 >sacerdotes
971 4144 1245 4227 cogebat
1288 4143 1369 4207 ad
1417 4144 1841 4226 reparandum
1886 4156 2064 4210 sarta
2106 4156 2276 4212 tecta
2315 4148 2543 4231 templi
2585 4148 2866 4229 Domini,

538 4254 604 4310 et
655 4264 858 4329 saepe
916 4263 1218 4330 magnam
1302 4247 1633 4311 tristitiam
1700 4248 1895 4312 habui
1905 4291 1926 4330 ,
2001 4252 2240 4315 timens
2309 4252 2630 4317 ecclesiae
2691 4253 2867 4316 illins

537 4347 1094 4447 irrecuperabilem
1138 4349 1402 4415 ruinam.
1478 4350 1555 4414 st
1598 4352 1770 4416 enim
1814 4352 2095 4437 ruisset,
2131 4372 2480 4438 numquam
2523 4356 2869 4423 sublevata
