3242 5259
1718 249 1848 316 ³58

612 444 828 495 tamen
871 430 1191 494 Dominus
1249 426 1316 490 iu
1357 428 1724 511 Evangelio
1778 430 2141 513 exprimere
2197 430 2401 494 uoluit
2424 475 2444 513 ,
2484 432 2658 496 sicut
2711 449 2956 496 nomen

610 537 918 622 pauperis
958 534 1318 616 expressit,
1359 541 1624 616 propter
1672 551 1975 619 caesana,
2021 553 2216 618 quam
2256 537 2437 619 pouit
2476 534 2836 619 Gregorius
2876 541 2957 603 iu

613 645 907 718 oratiane
950 638 1095 721 ejus
1111 636 1220 726 ‚de
1261 636 1588 720 parabola,
1675 641 1809 702 Hic
1850 639 2139 725 Dodrux,
2181 640 2518 704 abundans
2560 646 2633 703 et
2671 638 2953 704 delicio-

613 766 764 831 sus,
819 745 1074 812 infirmo
1117 761 1199 807 ac
1254 734 1552 806 montiico'
1592 743 1852 807 Lazaro
1906 747 2113 809 micas
2153 764 2422 808 mensae
2463 762 2626 808 suae
2666 746 2947 828 negavit

609 871 782 939 quae
820 851 1141 917 cadebant
1181 847 1266 912 de
1302 866 1548 912 mensa.
1635 849 1831 912 Hauc
1876 848 2133 914 domum
2176 860 2437 940 propter
2498 849 2726 912 merita
2779 868 2955 933 pau-

609 955 788 1038 peris
827 953 1006 1018 illius
1062 953 1555 1038 honoravimus,
1600 962 1670 1016 et
1710 953 2149 1038 indulgentias
2205 955 2567 1038 recepimus
2613 953 2745 1036 st).
2830 956 2955 1017 In-

610 1077 811 1145 super
860 1058 1186 1142 peregrini
1251 1076 1480 1123 omues
1523 1065 1659 1120 tam
1726 1057 1964 1122 divites
2007 1078 2199 1145 quam
2269 1075 2590 1141 pauperes
2654 1057 2954 1142 exempla

610 1163 1087 1227 emendationis
1127 1162 1310 1226 vitae
1347 1162 1438 1226 ibi
1473 1164 1870 1247 accepimus,
1900 1164 2142 1228 divites
2177 1164 2245 1226 in
2289 1161 2492 1226 divite
2530 1162 2949 1246 voluptuoso,

613 1279 682 1331 ct
713 1269 782 1331 iu
821 1268 1076 1332 infirmo
1114 1265 1375 1349 sepulto
1402 1268 1863 1333 continentiam
1889 1278 1954 1332 et
2000 1267 2503 1332 misericordiam
2540 1266 2939 1350 didicerunt3

612 1387 934 1456 pauperes
975 1389 1135 1438 vero
1175 1375 1243 1434 in
1265 1363 1520 1436 Lazaro
1559 1390 1867 1457 paupere,
1906 1372 2235 1438 ulceribus
2275 1372 2489 1454 pleno,
2511 1378 2579 1434 ct
2620 1374 2688 1433 in
2730 1374 2951 1435 sinum

613 1476 920 1540 Abrahae
959 1476 1320 1560 deportato,
1362 1494 1550 1560 spem
1591 1487 1657 1541 et
1698 1479 2091 1561 patientiam.
2137 1480 2242 1540 De
2283 1476 2387 1539 his
2430 1475 2702 1559 duobus,
2739 1477 2944 1542 divite

614 1591 681 1643 et
723 1598 1050 1665 paupere,
1092 1582 1366 1645 habetur
1405 1581 1630 1646 Lucae
1668 1583 1852 1648 XVI.

613 1827 733 1902 De
792 1826 1008 1922 bivio,
1054 1828 1127 1904 in
1181 1852 1322 1931 quo
1385 1828 1944 1930 angariaverunt
2008 1827 2416 1922 Simonem,
2487 1838 2568 1902 ut
2631 1823 2930 1902 tolleret

1052 1972 1339 2028 crucem
1381 1962 1554 2054 post
1593 1948 1894 2045 Jesum,
1941 1950 2134 2052 quod
2176 1962 2255 2027 et
2302 1947 2504 2027 fecit.

779 2129 1229 2194 Processimus
1308 2137 1378 2193 et
1462 2141 1937 2216 consequenter
2012 2133 2079 2196 in
2145 2131 2355 2194 locum
2418 2129 2756 2210 venimus,
2826 2125 2937 2189 ubi

612 2231 779 2297 duae
822 2235 972 2300 viae
1011 2254 1087 2298 se
1129 2235 1564 2320 intersecant,
1610 2245 1677 2298 et
1718 2254 1975 2299 crucem
2023 2236 2296 2318 faciunt,
2351 2237 2477 2317 ita,
2544 2231 2717 2318 quod
2758 2242 2943 2295 stans

611 2340 678 2402 in
724 2338 933 2403 medio
973 2348 1196 2425 potest
1235 2325 1589 2422 procedere
1626 2338 1711 2402 ad
1753 2358 2225 2428 quamcumque
2266 2339 2542 2424 plagam.
2630 2336 2938 2400 Christus

614 2452 827 2506 autem
870 2444 937 2507 in
978 2446 1106 2508 hoc
1143 2443 1318 2507 bivio
1361 2445 1653 2508 existens
1696 2462 1842 2507 cum
1885 2463 2080 2511 cruce
2112 2444 2477 2509 debilitatus
2515 2443 2657 2525 fuit,
2691 2450 2760 2504 et
2800 2459 2940 2503 eam

616 2548 859 2612 remisit
903 2548 983 2612 ad
1029 2547 1353 2632 paululum
1388 2547 1847 2631 respirandum.
1894 2550 2172 2614 Pessimi
2215 2557 2426 2612 autem
2467 2543 2704 2611 Judaei
2748 2545 2941 2609 festi-

615 2652 855 2715 nabant
926 2652 1226 2740 multum,
1303 2661 1566 2737 propter
1629 2672 1893 2718 causam
1955 2653 2349 2740 praedictam
2411 2652 2480 2716 in
2535 2649 2807 2715 articulo
2861 2649 2940 2713 de

618 2757 935 2838 tabernis3
981 2766 1047 2818 et
1088 2755 1239 2820 dum
1280 2756 1369 2820 ibi
1412 2765 1649 2841 staret,
1688 2760 2066 2842 supervenit
2109 2758 2331 2822 Simon
2373 2754 2782 2840 Cyrenaeus,
2826 2756 2938 2839 qui

616 2859 826 2923 fuerat
861 2861 1128 2944 gentilis
1162 2868 1234 2925 ct
1271 2862 1484 2925 factus
1526 2862 1919 2949 proselytus,
1947 2862 2190 2929 Christi
2228 2862 2521 2926 occultus
2564 2858 2935 2943 discipulus.

614 2965 812 3028 Hunc
854 2967 1383 3048 angariaverunt,
1428 2973 1745 3048 cogentes
1790 2987 1934 3030 eum
1978 2969 2203 3056 tollere
2242 2985 2495 3031 crucem
2550 2972 2702 3049 post
2743 2962 2939 3029 chri-

607 3077 789 3131 stum
820 3113 838 3149 ,
882 3077 953 3132 ut
1000 3067 1238 3133 dicitur
1276 3070 1438 3134 Luc.
1482 3071 1725 3138 xxm.
1792 3073 2193 3137 Invitissime
2234 3081 2450 3136 autem
2494 3069 2643 3134 tulit
2682 3086 2938 3132 crucem

615 3171 912 3254 magistri
968 3171 1109 3256 sui,
1165 3175 1318 3256 quia
1374 3176 1752 3262 mysterium
1823 3175 2034 3240 adhuc
2102 3178 2427 3262 ignoravit
2511 3184 2575 3237 ct
2638 3173 2933 3236 salutem.

615 3276 1031 3340 Accurrimus
1072 3294 1230 3361 ergo
1269 3277 1353 3342 ‘ad
1397 3278 1611 3356 locum
1654 3280 1868 3364 illum,
1912 3290 1980 3345 et
2016 3281 2281 3348 Christo
2318 3280 2650 3365 pompassi
2697 3279 2940 3362 pariter

615 3388 681 3444 et
726 3382 1084 3465 congavisi.
1186 3381 1530 3468 compassi
1596 3384 1890 3474 quidem,
1954 3388 2107 3476 quia
2170 3405 2300 3451 non
2366 3395 2505 3449 erat
2567 3385 2628 3447 ci
2686 3381 2940 3465 adjutor

612 3483 886 3575 aliquis,
948 3488 1077 3550 nisi
1131 3488 1239 3554 hic
1293 3487 1556 3574 Simon,
1634 3491 1746 3574 qui
1807 3500 2074 3556 coactus
2157 3489 2408 3575 adjuvit
2466 3509 2613 3553 eum
2679 3496 2938 3572 portare

612 3607 889 3656 crucem.
986 3591 1350 3678 congavisi
1418 3603 1665 3679 autem,
1735 3596 1888 3682 quia
1945 3595 2083 3679 jam
2140 3615 2269 3659 non
2332 3614 2500 3659 unus
2562 3591 2936 3657 rusticellus

611 3698 887 3759 veniens
920 3695 1001 3758 dc
1042 3698 1330 3780 proxima
1371 3698 1530 3761 villa
1572 3699 1759 3792 adest
1785 3710 2045 3786 portare
2077 3718 2339 3768 crucem
2362 3701 2552 3784 Jesu,
2594 3699 2715 3763 scd
2759 3697 2937 3760 multi

611 3801 890 3865 barones
918 3845 941 3885 ,
1000 3801 1252 3866 nobiles
1291 3810 1360 3868 et
1400 3802 1717 3888 honorati,
1761 3803 1844 3868 de
1884 3806 2117 3869 castris
2159 3814 2227 3869 et
2262 3805 2636 3869 civitatibus
2678 3803 2935 3886 longiu-

614 3898 764 3990 quis
803 3924 976 3970 nuuc
1028 3906 1136 3969 hic
1167 3918 1432 3990 assunt,
1512 3907 1713 3989 (188
1736 3909 1842 3987 Α)
1883 3911 1993 3994 qui
2036 3909 2119 3973 de
2160 3909 2606 3974 transmarinis
2648 3907 2935 3991 partibus

613 4008 1016 4076 advenerunt
1057 4010 1460 4096 voluntarie,
1515 4023 1848 4099 portantes
1897 4032 2154 4079 crucem
2197 4015 2457 4080 Domini
2497 4014 2604 4078 sui
2642 4010 2938 4075 libentis-

612 4108 794 4176 sime.
880 4110 956 4173 Iu
999 4110 1126 4177 hoc
1165 4133 1322 4200 ergo
1364 4116 1508 4181 loco
1550 4136 1675 4183 nos
1706 4121 2210 4205 prostravimus,
2254 4129 2320 4184 et
2359 4117 2767 4183 orationibus*
2795 4116 2937 4198 sig-

613 4217 788 4280 natis
849 4214 1042 4284 dictis
1128 4219 1564 4304 indulgentias
1619 4224 1947 4308 plenarias
2005 4226 2367 4309 recepimus
2419 4223 2607 4306 (ἢ).
2688 4222 2770 4284 In
2811 4222 2937 4284 hoc

613 4319 757 4386 loco
798 4320 1120 4407 quondam
1162 4325 1380 4390 stabat
1423 4326 1706 4392 ecclesia
1720 4374 1741 4413 ,
1784 4345 1953 4414 quae
1995 4347 2168 4394 nunc
2208 4339 2313 4394 est
2346 4337 2484 4394 tota
2525 4327 2875 4392 destructa.
