3242 5259
1692 303 1816 368 158

573 487 862 553 reddere.
919 487 1195 568 Propter
1226 484 1355 547 hoc
1394 484 1771 549 merdotes
1805 482 1984 548 Solis
2025 491 2091 550 et
2132 480 2423 566 virgines
2464 480 2628 544 deae
2668 482 2920 548 Vestae

573 590 844 674 dicatae,
885 609 1164 676 quarum
1204 588 1432 672 religio
1496 597 1720 652 votum
1777 590 2100 653 castitatis
2157 587 2437 651 habebat
2448 632 2469 669 ,
2534 588 2686 670 agni
2751 590 2919 652 casti

573 699 733 765 folia
796 697 989 760 lectis
1045 704 1111 757 et
1154 693 1450 757 domibus
1505 695 1648 756 suis
1705 683 2219 759 substraverunt.
2324 690 2539 773 Hujus
2592 690 2922 773 plantulae

571 804 859 867 notitiam
903 819 945 863 a
983 799 1259 883 pueritia
1298 798 1515 882 habui,
1559 817 1752 883 quam
1771 798 2071 862 Basileae
2088 797 2337 880 accepi,
2366 797 2521 878 quia
2560 796 2919 873 h’ab'obatur

570 911 641 972 iu
681 908 864 971 horto
904 913 1267 968 conventus
1311 906 1537 988 nostri,
1581 923 1774 989 quam
1817 901 2080 986 quidam
2123 901 2207 965 de
2249 902 2541 985 partibus
2580 889 2919 965 maritimis

571 1020 858 1093 tempore
893 1009 1150 1073 concilii
1218 1009 1593 1096 basiliensis
1639 1008 1958 1091 plantavit
1998 1010 2068 1070 in
2110 1007 2298 1070 horto
2341 1007 2588 1069 nostro.
2683 1007 2772 1069 Et
2813 1006 2919 1070 di-

571 1117 862 1199 cebatur,
901 1113 1074 1198 quod
1117 1133 1244 1177 non
1287 1123 1514 1197 posset
1555 1114 2036 1197 transplantari,
2073 1110 2193 1174 sed
2235 1109 2446 1174 solum
2486 1112 2555 1174 in
2597 1111 2763 1194 loco,
2806 1113 2918 1176 ubi

580 1216 694 1285 ille
737 1228 1084 1304 posuerat,
1132 1227 1490 1285 cresceret:
1533 1218 1710 1303 quod
1751 1236 1882 1281 non
1924 1225 2028 1280 est
2068 1235 2299 1279 verum
2319 1260 2342 1299 ,
2385 1217 2538 1298 quia
2582 1234 2706 1299 ego
2748 1226 2919 1281 tem-

576 1344 757 1410 pore,
798 1344 929 1407 quo
972 1325 1211 1388 ibidem
1253 1342 1482 1388 cursor
1519 1325 1725 1408 extiti,
1766 1343 1965 1388 unum
2004 1321 2335 1406 palmitem
2397 1319 2716 1404 discerpsi
2769 1339 2915 1387 cum

572 1440 759 1517 parte
800 1429 1061 1513 radicis,
1119 1439 1189 1492 et
1248 1429 1333 1493 ad
1389 1432 1644 1495 hortum
1704 1431 2097 1494 infirmorum
2158 1427 2381 1510 posui,
2450 1435 2519 1490 et
2578 1429 2791 1491 crevit
2849 1430 2916 1492 in

569 1554 874 1620 magnam
937 1537 1282 1600 arbustam.
1392 1533 1583 1599 Folia
1636 1523 1865 1618 habet,
1929 1534 2118 1617 quasi
2180 1540 2254 1596 ut
2322 1532 2527 1616 salix,
2586 1533 2708 1596 sed
2761 1544 2917 1598 sunt

570 1639 819 1704 leniora
859 1649 926 1703 et
965 1640 1206 1722 mollia,
1249 1642 1442 1705 flores
1486 1640 1614 1704 fert
1655 1639 1904 1704 similes
1947 1636 2294 1720 lavandro,
2358 1636 2505 1702 ideo
2549 1639 2914 1701 nominatus

570 1746 741 1808 salix
783 1746 1050 1828 marina,
1094 1755 1160 1809 et
1204 1755 1309 1808 est
1350 1745 1567 1810 odoris
1606 1746 1781 1828 boni,
1839 1745 2014 1808 acuti
2049 1753 2117 1807 et
2176 1744 2339 1808 sani.
2439 1742 2636 1805 Multi
2696 1754 2915 1808 tamen

570 1849 1017 1917 abominantur
1069 1849 1333 1913 odorem
1377 1851 1541 1934 ejus,
1585 1866 1709 1913 nee
1750 1858 2028 1932 possunt
2081 1866 2229 1911 eum
2282 1848 2626 1910 sustinere.
2712 1849 2920 1930 Igitur

569 1952 640 2017 in
698 1971 940 2017 occasu
994 1953 1154 2017 solis
1227 1953 1389 2018 redii
1439 1957 1509 2022 in
1562 1952 1852 2039 galeam,
1915 1961 2182 2037 portans
2246 1969 2501 2015 mecum
2562 1951 2915 2035 porcellam

573 2059 842 2123 herbam
895 2078 1011 2142 pro
1069 2053 1391 2123 salutucio
1411 2105 1430 2137 ‚
1472 2067 1540 2122 et
1581 2076 1822 2143 agnum
1883 2067 2132 2121 castum
2198 2075 2316 2140 pro
2377 2055 2794 2121 odoramento
2850 2065 2917 2120 et

573 2173 958 2228 ornamento
981 2165 1255 2228 cumbae
1294 2182 1498 2230 meae.
1542 2165 1746 2227 Porro
1784 2181 2054 2227 coenam
2075 2180 2479 2227 communem
2499 2161 2917 2244 neglexeram

576 2278 644 2332 et
682 2268 831 2333 ideo
884 2269 1011 2333 feci
1051 2269 1207 2332 mihi
1249 2268 1637 2334 salutucium
1680 2269 1763 2333 de
1813 2268 2130 2353 porcella,
2178 2276 2246 2331 et
2288 2286 2368 2331 eo
2412 2266 2696 2330 refectus
2752 2248 2917 2331 con-

569 2382 789 2438 tentus
837 2374 948 2438 fui.
976 2367 996 2385 “
1036 2373 1253 2437 Nocte
1293 2378 1628 2458 aspirante
1662 2374 2004 2438 confortati
2046 2381 2199 2435 sunt
2242 2372 2425 2435 venti
2462 2372 2764 2435 contrarii
2787 2417 2808 2454 ,
2849 2381 2915 2434 et

569 2480 635 2541 in
681 2487 928 2542 tantum
969 2479 1400 2559 invaluerunt,
1444 2480 1615 2564 quod
1660 2481 1854 2543 etiam
1899 2479 1967 2541 in
2010 2485 2198 2561 portu
2242 2477 2599 2540 existentes
2654 2476 2916 2560 pericli-

574 2584 870 2648 tabamur
888 2629 910 2669 ,
975 2594 1042 2647 et
1111 2585 1585 2671 gubernatores
1639 2585 1800 2648 ‘aliis
1864 2582 2243 2647 rudentibus
2312 2601 2548 2646 navem
2626 2583 2917 2646 stabilire

571 2690 1020 2774 cogebantu13
1061 2690 1216 2774 quia
1254 2688 1581 2774 procellae
1622 2690 1706 2754 de
1750 2689 1881 2765 alto
1921 2690 2119 2753 maris
2161 2698 2583 2752 accurrentes
2634 2689 2701 2751 in
2758 2704 2916 2750 seo-

571 2793 761 2876 pulos
804 2812 927 2857 nos
969 2786 1452 2863 circumdantes
1469 2796 1911 2883 inpingebant,
1954 2803 2022 2857 et
2048 2812 2259 2876 usque
2288 2792 2372 2856 ad
2413 2810 2537 2855 nos
2581 2793 2917 2876 pertinge-

569 2899 747 2962 bant.
793 2898 991 2962 Circa
1025 2901 1304 2966 medinm
1328 2913 1541 2969 autem
1564 2901 1778 2967 noctis
1801 2900 1921 2963 fuit
1942 2907 2084 2963 orta
2124 2897 2517 2982 gravissima
2556 2905 2917 2979 tempestas

573 3021 720 3071 cum
759 3005 1123 3087 importuno
1171 3015 1391 3088 vento,
1434 3007 1756 3087 tonitruis,
1800 3004 2060 3086 fulgure
2099 3013 2167 3067 et
2222 3021 2461 3086 magna
2514 3001 2767 3085 pluvia,
2820 3003 2915 3065 ita

571 3116 644 3169 ut
663 3125 874 3189 aquae
913 3108 998 3170 ad
1040 3119 1298 3172 nostras
1340 3112 1609 3174 cumbas
1652 3106 2049 3189 defluerent3
2096 3117 2164 3170 et
2208 3109 2303 3171 ita
2345 3107 2585 3170 nullam
2628 3107 2915 3190 requiem

578 3209 800 3274 eadem
830 3226 1019 3274 noste
1047 3214 1403 3297 tinimimus,
1448 3223 1513 3277 et
1560 3213 1827 3276 multum
1866 3215 2175 3296 timorem,
2199 3231 2586 3296 quamquam
2626 3215 2695 3276 in
2729 3222 2916 3297 portu

578 3318 910 3382 fuel-imm.
1031 3318 1196 3378 Nam
1283 3337 1452 3403 aqua
1526 3319 1617 3382 ita
1689 3320 2051 3402 importune
2115 3316 2499 3382 allidebatur
2562 3319 2914 3401 parietibus

574 3422 822 3506 galnae,
882 3422 1051 3506 quud
1095 3426 1319 3486 “mirum
1363 3433 1486 3508 est,
1528 3424 1847 3507 quomodo
1881 3423 2127 3508 liguum
2171 3431 2415 3489 tantam
2458 3424 2909 3506 impactionem

578 3530 778 3606 pessit
826 3526 1163 3590 sustinere.
2491 3529 2522 3589 δ.

742 3634 1027 3714 Septima
1075 3634 1175 3698 die
1235 3633 1411 3698 nulla
1478 3636 1600 3700 fuit
1654 3635 1991 3719 dispositio
2057 3654 2173 3720 pro
2236 3636 2406 3699 bona
2475 3634 2913 3718 navigatione,

573 3744 640 3799 et
679 3735 824 3801 ideo
868 3738 1135 3821 prandio
1181 3752 1446 3823 paracto
1487 3743 1721 3805 iterum
1777 3743 1950 3806 sicut
2007 3744 2149 3807 heri
2205 3741 2288 3805 ad
2376 3741 2531 3804 litus
2587 3741 2657 3802 in
2716 3741 2915 3803 barca

571 3840 785 3904 edueti
824 3842 1067 3908 fuimns
1086 3888 1108 3926 ,
1171 3863 1301 3909 non
1361 3846 1621 3930 quidem
1685 3864 1948 3933 omnes,
2002 3848 2121 3913 sed
2164 3848 2411 3932 aliqui,
2454 3862 2725 3928 quorum
2789 3861 2914 3926 ego

571 3962 746 4012 unns
806 3947 921 4017 fui.
1013 3949 1381 4015 Difficulter
1435 3962 1652 4017 tamen
1723 3962 1792 4017 et
1848 3971 1997 4017 cum
2051 3951 2339 4036 periculo
2389 3958 2759 4033 poteramus
2833 3948 2917 4012 de

567 4051 758 4135 galea
797 4053 865 4116 in
915 4055 1173 4120 barcam
1215 4054 1641 4142 descendere,
1683 4060 1836 4140 quia
1883 4075 2062 4121 mare
2103 4056 2423 4120 fremebat
2439 4098 2462 4139 ,
2517 4063 2585 4118 et
2647 4055 2911 4120 barcam

566 4155 814 4240 elevat,
859 4167 925 4220 et
967 4158 1298 4242 dijiciebat
1337 4163 1635 4227 similiter
1673 4171 1739 4225 et
1795 4160 2073 4245 galeam.
2161 4159 2236 4223 Id
2290 4160 2467 4226 m‘rco
2521 4177 2650 4223 nou
2693 4159 2903 4228 aude-

565 4262 724 4325 bant
782 4263 1098 4331 bai-caleri
1171 4283 1318 4349 cum
1372 4269 1571 4331 barca
1632 4285 1837 4351 prope
1877 4263 2135 4350 galeam
2206 4262 2559 4348 accedere,
2600 4280 2688 4328 ne
2742 4283 2914 4331 ven-

565 4377 673 4432 tus
714 4388 859 4435 eam
902 4369 981 4460 ad
1024 4363 1282 4453 galeam
1326 4371 1652 4457 allideret,
1716 4382 1783 4434 et
1852 4372 2410 4436 comminueretur.
2517 4368 2912 4437 Elevabatur
