3242 5259
466 592 586 667 De
636 587 926 690 capella
980 585 1063 664 S.
1109 585 1446 670 Helenae
1460 640 1484 680 ,
1530 585 1957 666 inventricis
1999 586 2084 665 S.
2134 590 2393 666 erneis.

449 771 721 855 Capella
760 772 892 834 ista
934 768 1208 833 dimissa.
1263 771 1596 852 progressi
1639 786 1863 833 sumus
1904 776 2216 851 gyrantes
2263 768 2640 858 ecclesiam·

269 880 353 943 ab
397 879 568 943 intra
608 895 755 940 cum
800 885 997 938 cantu
1041 874 1124 938 de
1165 872 1238 937 S.
1285 874 1563 958 Helena,
1605 877 1863 958 signato
1906 876 1971 937 in
2012 875 2497 959 processionali,
2547 885 2613 940 et

268 982 356 1046 ad
397 1001 596 1046 unum
634 981 871 1044 ostium
938 987 1241 1063 magnum
1286 980 1589 1042 venimus
1652 982 1720 1041 in
1786 998 1967 1042 muro
2010 978 2368 1061 ecclesiae,
2433 979 2512 1042 ac
2553 983 2611 1042 si

268 1087 553 1172 per'hoc
590 1086 825 1148 ostium
867 1093 1048 1150 esset.
1087 1084 1309 1147 exitus
1353 1084 1437 1147 de
1492 1084 1776 1148 ecclesia
1819 1093 2020 1146 extra.
2066 1081 2194 1145 Per
2227 1084 2351 1147 hoc
2376 1084 2615 1148 ostium

269 1193 586 1256 intrantes
628 1189 697 1252 in
739 1189 1064 1270 tenebras,
1108 1207 1273 1271 quas
1317 1200 1535 1253 tamen
1579 1189 1926 1252 luminibus
1955 1187 2200 1251 nestris
2242 1189 2615 1271 repulimus,

269 1298 489 1359 statim
534 1294 810 1379 pedibus
854 1293 1395 1376 apprehendimus
1438 1292 1680 1377 gradus
1720 1293 2032 1377 lapideos,
2085 1313 2203 1375 per
2245 1312 2413 1379 quos
2457 1292 2615 1355 des-

272 1400 612 1464 cendimus
677 1418 797 1483 per
856 1398 1050 1462 XXX
1112 1417 1350 1481 passus
1415 1399 1523 1462 vel
1586 1398 1829 1482 gradus
1892 1416 2102 1482 usque
2164 1398 2230 1460 in
2294 1395 2614 1482 quandam

270 1505 614 1589 capellam,
651 1522 821 1586 quae
872 1503 1202 1567 dicebatur
1242 1501 1494 1586 capella
1530 1502 1603 1565 S.
1634 1503 1951 1587 Helenae,
1989 1522 2159 1589 quae
2197 1505 2618 1574 subterranea

272 1620 395 1673 est.
480 1610 580 1672 Ibi
623 1627 780 1691 erge
827 1619 1023 1672 cantu
1065 1607 1247 1672 finito
1303 1608 1581 1691 genibus
1624 1608 1813 1671 flexis
1869 1591 2228 1690 oravimus,
2287 1615 2356 1669 et
2397 1605 2616 1672 indul·-

271 1715 531 1801 gentias
575 1714 941 1796 recepimus
985 1715 1124 1796 st).
1210 1716 1399 1775 Haec
1456 1713 1709 1796 capella
1751 1724 1852 1777 cst
1895 1715 2060 1777 satis
2116 1731 2389 1796 magna,
2452 1712 2616 1776 alias

272 1822 556 1905 parietes
599 1837 728 1881 non
769 1818 1054 1901 habens,
1114 1819 1242 1881 nisi
1283 1826 1542 1901 petras,
1611 1821 1680 1880 in
1725 1820 1959 1903 quibus
2000 1828 2107 1882 est
2145 1819 2388 1901 incisa,
2445 1818 2616 1881 sicut

275 1934 343 1989 et
383 1926 507 2009 ipsi
548 1923 793 2007 gradus
851 1922 933 1987 de
1000 1924 1317 2007 superiori
1380 1923 1666 1987 ecclesia
1725 1926 1894 1988 inter
1947 1924 2229 2007 parietes
2292 1929 2615 2012 petrarum

276 2029 726 2120 descendunt,
789 2046 831 2089 a
870 2030 1186 2112 superiori
1248 2047 1405 2091 vero
1450 2038 1552 2092 est
1612 2030 2038 2112 testudinata,
2108 2043 2169 2091 et
2237 2051 2349 2111 per
2413 2031 2614 2111 ipsam

156 2205 168 2215 ‚
276 2136 667 2200 testudinem
708 2132 925 2196 lumen
968 2134 1263 2198 incidens
1307 2135 1538 2218 habet,
1603 2136 1752 2218 ipsa
1794 2143 2010 2198 autem
2050 2135 2305 2196 testinis:-
2357 2135 2614 2195 fulcitur

273 2240 376 2305 VI
414 2238 735 2304 columnis
784 2241 1194 2323 marmoreis,
1255 2257 1457 2321 quae,
1502 2248 1573 2301 ut
1618 2236 1886 2321 dicitur,
1963 2246 2249 2320 tempore
2297 2239 2618 2315 passionis

277 2343 527 2410 Christi
573 2344 1030 2407 sustentabant
1064 2346 1475 2427 praetorium,
1498 2345 1565 2405 in
1597 2361 1726 2427 quo
1764 2342 2090 2425 judicatus
2136 2343 2249 2403 fuit
2281 2343 2614 2403 [luminum

273 2450 360 2515 Et
404 2470 523 2535 per
589 2460 885 2512 sanctam
947 2449 1271 2512 Helenam
1323 2450 1585 2511 suerunt
1626 2447 1779 2512 inde
1820 2447 1947 2512 huc
1984 2447 2385 2510 'translatam
2478 2447 2618 2507 liae

276 2557 617 2620 columnae
658 2563 813 2616 sunt
857 2554 1103 2637 politae
1147 2563 1213 2618 et
1257 2553 1516 2637 nigrae,
1563 2561 1630 2616 et
1670 2572 1929 2636 semper
1971 2551 2237 2627 sudant,
2285 2563 2349 2611 et
2397 2559 2618 2631 gutta-

277 2665 397 2725 tim
444 2657 733 2722 destillat
794 2657 876 2721 de
934 2659 1032 2721 eis
1100 2676 1300 2743 aqua,
1364 2667 1431 2721 et
1492 2657 1644 2721 dum
1702 2658 1939 2742 aliquis
1993 2675 2183 2720 maun
2257 2655 2361 2715 vel
2430 2663 2622 2715 vesle

284 2766 477 2848 tergit
519 2772 774 2847 guttas,
817 2766 1042 2827 statim
1092 2773 1435 2848 erumpunt
1480 2767 1648 2829 aliae
1713 2765 2027 2849 guttulae.
2099 2762 2297 2826 Portu
2377 2759 2618 2843 vulgus

281 2871 472 2954 dicit,
575 2867 746 2951 quod
833 2866 1070 2930 sudare
1144 2870 1501 2953 inceperint
1583 2871 2005 2952 miraculose,
2092 2867 2237 2931 dnm
2317 2863 2618 2931 Christus

285 2975 727 3056 castigabatur
769 2973 835 3035 in
875 2976 1226 3056 praetorio,
1291 2984 1354 3036 et
1397 2974 1595 3038 sudor
1634 2977 1749 3040 ille
1794 2976 1878 3039 sit
1930 2978 2120 3038 fletus
2165 2991 2377 3032 carum
2426 2991 2622 3051 super

282 3079 657 3145 innocentia
716 3075 962 3142 Christi
1023 3079 1211 3143 Jesu.
1301 3080 1448 3144 Nec
1514 3082 1774 3145 omnino
1839 3077 2201 3163 abjicienda
2273 3087 2377 3139 est
2438 3075 2622 3155 vulgi

283 3186 537 3268 opinio,
613 3200 782 3267 quae
824 3191 1004 3247 certe
1066 3185 1277 3247 otiosa
1332 3186 1589 3268 penitus
1654 3205 1783 3249 non
1825 3194 1945 3248 est.
2021 3183 2098 3247 Si
2155 3187 2321 3243 enim
2369 3183 2618 3263 lapides

282 3289 511 3353 laudes
554 3288 927 3352 Redemtori
976 3289 1379 3371 proclamare
1421 3290 1738 3371 dicuntur,
1775 3288 2138 3353 hominibus
2181 3307 2222 3351 a
2257 3285 2623 3352 laudatione

279 3395 650 3476 silentibus,
708 3402 780 3457 ut
837 3394 1111 3458 habetur
1165 3395 1391 3458 Lucae
1432 3395 1651 3478 xlx.;
1734 3393 1890 3478 quid
1950 3396 2211 3478 mirum,
2260 3395 2318 3457 si
2369 3392 2623 3476 lapides

280 3499 427 3582 (B)
444 3499 602 3562 flere
623 3506 887 3562 mortem
903 3499 1315 3563 Bedemtoris
1330 3501 1696 3564 hominibus
1710 3499 2067 3564 ridentibus
2085 3497 2621 3582 [existimentur-1.

281 3602 456 3681 Quia
516 3604 686 3666 enim
749 3605 819 3666 in
879 3602 983 3666 die
1045 3604 1402 3685 palmarum
1468 3607 1652 3688 pueri
1710 3606 2111 3668 Ebraeorum
2173 3614 2241 3668 et
2312 3603 2622 3686 discipuli

279 3706 527 3773 Christi
551 3707 819 3772 Osanna
860 3708 1240 3793 clamabant,
1277 3709 1527 3794 lapides
1571 3713 1893 3792 tacebant,
1923 3718 1989 3773 et
2031 3711 2092 3775 si
2131 3710 2200 3774 hi
2243 3710 2622 3792 tacuissent,

280 3814 533 3898 lapides
603 3814 1035 3878 clamassent:
1108 3814 1206 3877 sic
1269 3815 1330 3878 si
1393 3826 1663 3880 mortem
1722 3818 2136 3880 innocentem
2190 3822 2260 3878 et.
2319 3815 2620 3881 acerbam

280 3920 578 3983 homines
663 3920 1045 4003 flevissent,
1101 3918 1354 4003 lapides
1440 3921 1764 4005 lacrymas
1827 3940 1958 3984 non
2024 3919 2377 3983 dedissent.
2485 3918 2623 3983 Sed

282 4026 437 4107 quia
499 4025 593 4086 illi
653 4043 781 4086 uon
851 4024 1124 4106 flebant,
1190 4025 1441 4108 lapides
1491 4026 1817 4111 lacrymas
1862 4025 2252 4103 fundebant,
2319 4025 2494 4091 sicut.
2557 4033 2624 4088 et

283 4129 483 4191 scissi
558 4129 624 4192 in
717 4137 922 4192 morte
1007 4129 1252 4193 Christi
1349 4131 1673 4216 leguntur.
1802 4132 1872 4194 N
1872 4131 2069 4196 ullum
2154 4150 2311 4217 ergo
2394 4134 2626 4195 incon-

284 4234 559 4297 veniens
621 4232 804 4316 vulgi
860 4234 969 4317 pia
1033 4235 1230 4298 babet
1305 4238 1553 4321 opinio,
1616 4236 1876 4301 dicens:
1944 4237 2285 4301 columnas
2345 4236 2492 4300 illas
2555 4235 2622 4297 in

288 4347 489 4401 morte
532 4337 821 4420 flevisse,
865 4339 994 4401 nisi
1038 4339 1209 4423 quod
1251 4341 1320 4405 in
1364 4342 1703 4425 Scriptura
1736 4362 1863 4407 non
1909 4343 2177 4429 legitur:
2219 4341 2478 4406 facilius
2522 4344 2626 4401 est

287 4442 492 4524 enim,
554 4441 839 4526 lapidem
878 4445 1276 4529 ‘lacrymam
1359 4465 1552 4531 qnam
1631 4447 1858 4540 lapdes
1919 4446 2283 4512 decantare.
2383 4445 2627 4507 Dicunt
