3242 5259
1427 343 1558 412 m
1650 330 1657 337 .

331 530 586 598 fnisset.
676 529 793 594 Sic
835 529 1006 593 enim
1068 526 1415 593 Sarraceni
1455 527 1525 590 in
1587 525 1907 591 mandatis
1948 525 2187 589 haberit
2225 543 2343 609 per
2380 525 2663 590 Macho-

330 643 574 697 metum
638 635 709 698 in
776 634 1135 717 Alcorano,
1220 631 1394 718 quod
1438 628 1831 695 Christianis
1892 632 2024 694 n'on
2084 625 2483 713 permittant,
2538 647 2663 693 nec

328 737 674 802 aedificare
713 756 923 803 novas
966 737 1285 802 ecclesias
1301 781 1323 820 ,
1362 754 1489 800 nec
1528 737 1832 818 antiquas
1874 753 2190 798 renovare
2204 756 2241 818 ,·
2263 744 2333 797 et
2374 736 2464 798 ita
2504 734 2662 798 Sol-

330 828 538 906 da‘nus
581 843 798 906 multis
842 844 1031 907 annis
1054 842 1448 906 Christianis
1486 839 1828 923 indulgere
1861 841 2089 921 noluit,
2122 848 2192 902 ut
2230 838 2410 902 illius
2442 839 2663 903 eccle-

327 948 469 1012 siae
527 958 707 1011 sarta
781 956 955 1012 tecta
1017 956 1409 1032 repararent.
1517 944 1810 1010 'randum'
1874 952 2090 1008 autem
2153 946 2369 1008 victus
2439 942 2660 1008 multis

331 1054 638 1136 precibus
682 1054 945 1117 fratrum
993 1054 1318 1117 minorum
1360 1053 1602 1116 montis
1638 1050 1836 1135 ⁸Syon
1898 1049 2219 1113 relaxavit
2258 1049 2536 1131 rigorem
2592 1055 2667 1111 et

328 1158 794 1240 reparationem
836 1161 998 1221 sartl
1040 1159 1194 1221 tecti
1235 1157 1584 1222 concessit.
1638 1155 2157 1219 procuraverunt
2198 1170 2357 1236 ergo
2400 1153 2660 1234 fratres,

325 1261 499 1345 quod
562 1248 777 1347 omnia
855 1262 1035 1346 ligna
1115 1263 1484 1326 necessaria
1541 1279 1661 1344 pro
1728 1259 1839 1324 illa
1920 1259 2322 1341 reparatione
2395 1256 2660 1321 fuerunt

326 1366 628 1431 venetiis
683 1386 802 1451 per
872 1367 1163 1431 artifices
1178 1412 1199 1450 ,
1275 1367 1400 1452 qui'
1447 1372 1787 1430 mensuras
1865 1363 2184 1427 ecclesiae
2251 1369 2669 1444 acceperant,

324 1478 589 1553 parata,
632 1481 698 1534 et
739 1472 807 1534 in
848 1472 1058 1554 galeis
1111 1491 1232 1554 per
1270 1489 1449 1534 mare
1512 1486 1724 1554 usque
1766 1468 1849 1533 ad
1895 1466 2156 1551 Jo‘ppen
2220 1465 2416 1530 ducta
2467 1474 2537 1527 et
2576 1464 2661 1528 de

325 1573 541 1655 Joppe
577 1574 645 1636 in
686 1574 953 1639 camelis
995 1593 1206 1659 usque
1231 1575 1610 1639 Bethlehem
1655 1573 1894 1656 delata,
1933 1581 2002 1635 et
2042 1574 2137 1634 ita
2178 1580 2378 1635 totum
2418 1578 2658 1634 tectum

325 1677 647 1741 ecclesiae
689 1688 1070 1743 renovatum
1128 1688 1231 1743 est
1271 1699 1388 1763 per
1429 1678 1713 1742 artifices
1753 1678 2101 1758 Venetos,
2151 1685 2219 1739 et
2279 1678 2496 1739 omnia
2535 1673 2671 1738 ‹le-⁶

328 1782 627 1847 fectuosa
668 1792 802 1848 tam
849 1785 916 1847 in
957 1785 1171 1868 ligno,
1249 1802 1441 1868 quam
1483 1786 1551 1847 in
1592 1782 1856 1867 plumbo
1898 1780 2145 1844 refecta
2188 1784 2343 1844 su'nt
2404 1780 2660 1862 magnis

327 1886 653 1951 laboribus
696 1896 763 1951 et
802 1890 1145 1959 sumtibus.
1177 1889 1498 1981 ‘'l'nlerunt
1542 1890 1717 1950 euim
1756 1885 1911 1950 inde
1952 1886 2216 1969 antiqua
2250 1886 2458 1968 ligna,
2488 1886 2671 1969 quae‘

325 1982 511 2055 erant
550 1991 817 2056 cedrina
874 2003 942 2057 et
983 1994 1366 2078 cypressina
1408 1992 1493 2056 de
1533 2001 1754 2056 monte
1794 1992 2078 2075 Libano,
2141 2000 2209 2053 et
2248 2006 2441 2054 nova·
2480 1988 2662 2072 ligna

321 2096 479 2178 pina
521 2095 604 2160 de
647 2099 968 2163 montibus
1010 2100 1252 2162 uostris
1296 2105 1796 2180 supposuerunt.
1861 2095 2197 2179 Siquidem
2237 2092 2547 2156 Salomon
2588 2080 2666 2156 in

327 2199 689 2263 aedificium
733 2201 959 2284 templi
997 2203 1064 2266 in
1084 2200 1455 2265 Jerusalem
1486 2201 1743 2283 accepit
1776 2200 1961 2282 ligna.
1991 2198 2256 2262 cedrina
2285 2196 2368 2261 de
2387 2197 2658 2280 Libano,

326 2319 495 2384 quae
537 2305 662 2367 sibl
705 2323 823 2369 rex
841 2310 1001 2390 'l'yrl
1044 2309 1221 2371 misit
1259 2325 1378 2390 per
1417 2323 1594 2368 mare
1634 2308 1705 2367 in
1746 2305 1994 2367 ratibus
2038 2321 2248 2386 usque
2284 2302 2354 2365 in
2375 2302 2657 2384 Joppen,

329 2415 398 2471 et
441 2407 524 2470 de
562 2408 779 2493 Joppe
820 2408 962 2490 ipse
1003 2425 1084 2470 ea
1126 2408 1311 2473 duxit
1350 2411 1418 2473 in
1464 2408 1831 2473 Jerusalem
1853 2452 1875 2491 ,
1940 2416 2010 2471 ut
2051 2407 2322 2470 habetur
2361 2407 2408 2471 2
2444 2404 2657 2469 Paral.

324 2512 387 2575 ὓ.
434 2522 499 2574 et
559 2512 740 2575 Jesa.
786 2514 897 2575 111.
982 2511 1099 2577 Sic
1140 2517 1334 2577 etiam
1401 2514 1721 2597 disposuit
1762 2512 1837 2578 S.
1878 2511 2135 2576 Helena
2174 2511 2354 2595 ligna
2395 2509 2661 2574 cedrina

328 2617 455 2707 sibi
514 2619 690 2681 mitti
721 2635 761 2680 a
802 2628 1020 2681 monte
1085 2619 1337 2681 Libano
1381 2620 1449 2681 in
1492 2619 1653 2682 mari
1714 2636 1834 2702 per
1895 2626 2070 2680 rates
2129 2617 2197 2678 in
2251 2616 2509 2698 Joppen
2527 2660 2549 2699 ,
2592 2624 2661 2678 et

331 2720 484 2789 inde
551 2721 693 2784 tolli
772 2732 839 2786 et
877 2723 948 2785 in
1003 2723 1381 2786 Bethlehem
1427 2721 1783 2787 transduci.
1867 2723 1953 2786 Et
1993 2722 2120 2785 hoc
2162 2720 2354 2784 facile
2395 2719 2549 2802 fuit,
2591 2726 2662 2782 et

325 2826 393 2901 in
436 2825 667 2908 paucis
710 2825 940 2890 diebus
975 2828 1185 2909 potuit
1225 2827 1536 2911 expediri.
1621 2826 1762 2890 Sed
1804 2844 1979 2891 nunc
2033 2823 2479 2889 difficillimum
2532 2829 2664 2905 est,

325 2928 501 3014 quod
565 2929 913 2994 Christiani
957 2929 1041 2994 de
1102 2931 1352 2996 Libano
1416 2932 1595 3015 ligna
1657 2931 1922 3014 tollant,
1990 2930 2144 3013 quia
2203 2928 2443 3013 pagani
2483 2916 2669 2990 nunc'

321 3034 473 3099 illas
517 3043 725 3097 terras
764 3033 1136 3118 possident,
1200 3044 1265 3098 et
1307 3036 1369 3098 si
1412 3036 1640 3099 tollere
1679 3022 2002 3116 sinerent,
2072 3042 2290 3097 tamen
2357 3031 2658 3096 theloniis

323 3140 518 3203 nimis
557 3147 912 3222 gravarent
954 3147 1019 3202 et
1057 3139 1201 3202 aliis
1245 3140 1715 3222 exactionibus,
1761 3138 1908 3203 ideo
1951 3138 2213 3203 facilius
2265 3136 2351 3201 de
2401 3135 2658 3219 alpibus

324 3244 567 3307 nostris
610 3242 854 3308 ducunt
894 3243 1071 3327 ligna
1113 3242 1197 3308 ad
1238 3252 1472 3307 terram
1519 3253 1810 3307 sanctam
1845 3254 1977 3328 pro‘
2006 3246 2409 3326 reparatione
2438 3239 2661 3304 eccle--⁸

325 3348 567 3411 'siarum
610 3347 823 3428 (182
857 3348 964 3430 A)
1008 3347 1269 3432 Christi,
1303 3367 1498 3433 quam
1533 3346 1617 3412 de
1655 3350 1974 3413 montibus
1999 3348 2414 3415 onterminis
2447 3354 2658 3408 terrae

326 3457 622 3518 sanctae.
707 3449 923 3514 Credo
966 3462 1217 3535 tamen,
1291 3453 1469 3537 quod
1534 3455 1727 3517 etiam
1770 3453 1837 3517 in
1878 3453 2132 3516 Libano
2194 3450 2472 3532 amplius
2526 3464 2656 3512 uon

324 3555 462 3617 sint
515 3553 694 3636 ligna
754 3553 1051 3638 cedrina,
1124 3558 1300 3619 sicut
1355 3558 1424 3620 in
1489 3564 1711 3620 monte
1783 3555 1969 3641 Syon
2032 3555 2411 3620 defecerunt
2478 3551 2657 3636 ligna

325 3659 744 3742 cypressina,
782 3657 868 3722 de
910 3660 1148 3743 quibus
1214 3658 1376 3724 dixit
1445 3659 1754 3724 Salomon
1794 3659 1949 3744 Sap.
1994 3661 2112 3725 24:
2178 3659 2367 3742 quasi
2422 3654 2656 3719 cedrus
2736 3724 2745 3743 .

326 3746 613 3826 exaltata
651 3780 796 3827 sum
838 3764 906 3828 in
947 3763 1233 3848 Libano,
1292 3772 1358 3827 et
1412 3766 1601 3849 quasi
1642 3781 2001 3849 cypressus
2061 3764 2129 3827 in
2191 3770 2408 3826 monte
2449 3758 2655 3844 Syon.

319 3866 428 3931 Ex
465 3865 646 3930 illius
694 3868 1015 3932 ecclesiae
1057 3869 1460 3951 reparatione
1490 3877 1628 3933 tota
1666 3868 1947 3933 ecclesia
1985 3866 2281 3937 mundior
2317 3865 2492 3929 facta
2530 3872 2665 3947 ests

320 3988 471 4033 nam
514 3978 714 4034 autea
773 3980 1018 4037 tectum
1081 3979 1224 4036 erat
1287 3973 1603 4058 repletum
1658 3972 1975 4038 columbis
2029 3980 2096 4035 et
2135 3971 2548 4055 passeribus,
2588 3976 2657 4032 et

320 4073 492 4139 nidis
541 4073 944 4142 diversarum
984 4076 1234 4162 avium,
1276 4087 1344 4142 et
1383 4078 1896 4142 stercorizabant
1947 4076 2263 4161 desuper,
2304 4085 2374 4139 et
2407 4075 2657 4159 pretio-

319 4195 463 4242 sum
530 4181 972 4262 pavimentum
1035 4181 1478 4265 deturpabant.
1565 4180 1703 4245 Sed
1757 4201 1844 4247 ex
1908 4200 2037 4266 quo
2100 4187 2467 4267 reparatum
2528 4186 2659 4258 est,

323 4295 644 4349 venerunt
701 4287 1039 4352 martriees
1091 4287 1399 4370 [martes]
1417 4331 1439 4370 ,
1496 4294 1564 4350 et
1616 4287 1708 4350 ibi
1771 4296 2109 4351 currentes
2169 4285 2410 4351 nullam
2469 4300 2657 4348 avem

328 4385 698 4472 relinquunt
712 4400 749 4473 ,'
811 4400 879 4455 et
934 4396 1178 4456 tectum
1218 4392 1302 4455 ab
1367 4389 1666 4456 omnibus
1736 4390 2156 4457 immunditiis
2215 4395 2661 4485 praesentant:

3142 3812 3145 3845 m
3144 3692 3145 3721 Η
3116 3578 3146 3643 ik
3138 3070 3146 3525 Qm,„‡-....-.
