3242 5259
320 561 458 609 nou
495 538 830 608 exivit-de
869 539 1138 608 latis-lo
1176 559 1319 609 suo.
1355 543 1590 629 Aliud,
1633 544 1819 632 quud,
1850 546 2055 618 nobis
2091 548 2350 634 aedit,
2376 551 2676 619 referam.

324 647 605 728 Quidnn
647 646 888 712 nobilis
928 649 1316 733 peregrinus
1355 650 1644 716 taedium
1686 651 1923 737 fugere
1960 653 2216 718 ’volens
2281 653 2569 738 depinxit
2598 657 2679 722 -in

321 754 574 839 pariete
613 769 800 816 arma
829 768 956 816 ma
997 761 1065 816 et
1123 769 1388 819 suerum
1429 756 1752 821 socierum
1792 760 1981 822 satis-
2008 758 2281 842 pulchre
2319 767 2388 822 et
2429 771 2677 846 ornate,

320 867 392 923 et
429 875 577 923 cum
605 857 743 941 jam
785 873 952 940 opus
994 858 1420 945 perfecisset,
1465 861 1537 924 iu
1577 877 1708 948 quo
1750 863 1974 927 multis
2015 862 2202 928 horis
2239 862 2671 952 laboraverat,

323 961 585 1047 quidam
651 961 737 1026 de
812 959 1199 1026 Sarracenis
1269 965 1590 1049 occurrit,
1667 974 1735 1034 et
1798 983 1995 1031 manu
2077 971 2539 1054 stercorizata,
2603 983 2671 1036 et

322 1078 614 1132 stercore
670 1067 886 1130 linivit
939 1069 1212 1151 turpiter
1261 1070 1579 1152 picturam
1619 1070 1816 1135 istam
1830 1116 1855 1153 ,
1924 1080 1991 1135 et
2039 1072 2369 1137 abscessit
2424 1074 2667 1141 ridens.

319 1174 398 1236 In
440 1172 568 1235 hoc
607 1171 787 1234 lacto
828 1171 1082 1235 nobiles
1122 1172 1409 1257 pessime
1438 1180 1629 1237 eraut
1670 1178 1984 1259 contenti,
2026 1183 2098 1239 et
2130 1176 2363 1260 juveni
2404 1180 2667 1263 quiden

318 1274 827 1362 maledicebant,
868 1276 991 1340 sed
1031 1295 1221 1340 nemo
1261 1278 1331 1341 in
1395 1277 1575 1342 illum
1619 1298 1853 1345 manus
1920 1298 2121 1346 ausus
2184 1290 2329 1345 erat
2383 1286 2665 1351 mittere.

319 1379 404 1444 si
443 1379 719 1444 fecisset
760 1381 828 1444 in
870 1383 1164 1465 partibus
1206 1385 1453 1447 nostris
1470 1428 1493 1467 ,
1556 1384 1795 1449 finisset
1851 1388 1923 1449 iu
1978 1387 2193 1450 frusta
2248 1386 2659 1454 dilaceratus.

314 1486 531 1549 Multa
595 1485 749 1549 talia
825 1489 1255 1554 sustinuimus
1320 1488 1390 1551 in
1443 1487 1559 1552 illa
1628 1492 1939 1554 civitate·
2006 1490 2128 1554 sed
2190 1511 2321 1557 nou
2394 1502 2662 1579 tastum,

314 1601 624 1677 quantum
681 1594 750 1655 in
792 1610 940 1655 mea
980 1593 1191 1675 prima
1228 1595 1775 1677 peregrinatione
1859 1593 2033 1658 Nam
2076 1597 2507 1682 capitaneum,
2550 1601 2663 1683 qui

316 1697 402 1762 de
451 1699 715 1781 Jeppeu
781 1696 1056 1760 duxerat
1118 1715 1241 1762 nos
1303 1700 1374 1759 in
1434 1698 1680 1783 Rma,
1756 1701 2262 1782 captivaverunt
2323 1705 2395 1765 iu
2454 1703 2661 1767 oculis

312 1804 588 1885 nostris,
632 1809 704 1866 et
742 1804 813 1863 in
854 1811 1058 1865 artam
1101 1802 1462 1867 custodiam
1504 1823 1652 1868 eum
1693 1813 2078 1888 posuerunt.
2124 1803 2459 1891 dicentes,
2510 1826 2661 1873 eum

313 1906 553 1971 nullam
595 1906 907 1970 habuisse
947 1908 1361 1972 autoritatem
1406 1907 1686 1973 ducendi
1726 1911 2105 1994 peregrinos
2144 1910 2214 1975 in
2256 1917 2530 1994 terram,
2588 1919 2659 1975 et

313 2013 626 2076 nos-siue
663 2012 855 2076 salvo
917 2012 1243 2077 conductu
1282 2014 1352 2076 in
1397 2020 1634 2076 terram
1685 2016 1992 2097 venisse,
2052 2023 2119 2077 et
2159 2014 2309 2079 ideo
2351 2016 2661 2082 tributum

307 2115 519 2180 denuo
563 2133 684 2180 uos
724 2116 989 2181 solvere
1029 2126 1356 2201 oportere:
1402 2117 1574 2202 quod
1614 2119 1676 2182 si
1718 2117 1936 2185 iacere
1960 2137 2433 2204 recusaremus,
2460 2121 2661 2188 Jero-

307 2221 634 2305 solymam
674 2221 880 2285 visuri
921 2239 1052 2284 nou
1096 2239 1427 2305 essemus,
1482 2222 1605 2286 sed
1642 2225 1713 2287 in
1755 2223 2010 2306 galeam
2076 2226 2318 2288 reverti
2379 2241 2661 2289 necesse

308 2333 526 2409 esset3
579 2337 645 2390 et
686 2345 804 2410 pro
846 2329 1189 2391 temerario
1231 2329 1536 2410 ingressu
1576 2328 1646 2391 in
1720 2335 1961 2391 terram
2031 2328 2215 2390 iuxta
2256 2328 2656 2393 dominorum

305 2430 682 2494 Maurorum
743 2430 1073 2495 decretum
1133 2434 1474 2514 pecuniam
1539 2431 1787 2502 daturi.
1853 2434 1942 2495 Et
1980 2433 2338 2496 mansimus
2379 2440 2659 2516 quatuor

308 2534 538 2600 diebus
574 2538 644 2600 in
668 2536 883 2601 Rama
920 2539 990 2600 in
1031 2536 1145 2600 illa
1184 2537 1642 2619 suspensione,
1669 2536 1843 2619 quod
1884 2555 2016 2600 nou
2057 2536 2248 2600 aliter
2286 2535 2657 2620 intelligere

304 2651 712 2727 poteramus,
755 2644 882 2706 uisi
923 2642 1097 2726 quod
1138 2643 1207 2705 in
1247 2639 1502 2723 galeam
1545 2639 1905 2705 reducendi
1947 2657 2246 2703 essemus
2260 2681 2285 2722 ,
2339 2646 2412 2703 et
2451 2657 2655 2706 sauc-

306 2756 446 2810 tum
485 2746 743 2810 Domini
782 2746 1198 2829 sepulchrum
1241 2764 1374 2809 nou
1411 2745 1645 2813 visuri.
1732 2744 1791 2808 0
1835 2753 2144 2828 quantam
2210 2744 2541 2807 tristitiam
2582 2744 2654 2808 iu

305 2848 614 2914 cordibus
675 2852 924 2914 nostris
983 2850 1334 2915 habuimus
1377 2858 1448 2915 et
1488 2849 2026 2935 inquietudinem!
2092 2847 2380 2912 'tandem
2435 2855 2655 2912 tamen

300 2953 388 3017 ad
432 2953 576 3019 loca
617 2963 845 3039 optata
887 2955 1063 3021 ducti
1098 2973 1327 3021 sumus
1349 2965 1471 3020 etc.
1515 2956 1587 3020 N
1586 2976 1717 3021 unc
1758 2954 1843 3018 ad
1877 2956 2278 3039 propositum
2298 2950 2648 3036 regrediar.

301 3057 472 3123 Cum
515 3059 659 3126 dies
702 3061 1237 3147 advesperasset,
1297 3061 1481 3124 venit
1536 3079 1709 3125 unus
1752 3059 1835 3124 de
1891 3059 2153 3124 famulis
2214 3065 2653 3143 patronorum,

300 3162 564 3248 diceus,
622 3184 748 3230 nos
793 3166 974 3230 illico
1029 3184 1429 3232 recessuros.
1512 3165 1831 3249 Receptis
1873 3182 2031 3248 ergo
2078 3163 2365 3228 sacculis
2403 3163 2653 3226 nostris

301 3268 390 3333 de
427 3270 798 3335 habitaculo
843 3275 1097 3357 egressi
1137 3290 1400 3357 sumus,
1443 3280 1511 3335 et
1543 3274 1738 3355 juxta
1780 3272 2018 3335 ostium
2070 3268 2301 3333 domus
2340 3266 2652 3351 sedimus,

301 3374 708 3457 expectando
748 3385 1006 3461 tempas
1049 3394 1372 3441 mcessus.
1414 3376 1579 3441 Post
1619 3376 1846 3440 horam
1879 3376 2068 3438 venit
2101 3373 2362 3459 quidam
2385 3370 2651 3455 (BOA)

302 3476 529 3544 diceus
541 3523 563 3562 ,
626 3479 804 3564 quod
842 3480 1104 3566 quidam
1163 3480 1519 3546 Hamaluci
1574 3481 1804 3544 armati
1843 3481 2196 3543 venissent
2238 3477 2320 3542 de
2364 3477 2653 3561 Chayro,

297 3590 565 3666 proptu·
625 3603 896 3668 quorum
958 3586 1318 3652 adventum
1375 3603 1508 3650 non
1568 3592 1846 3668 possent
1909 3585 2215 3650 ductores
2277 3582 2484 3646 nostri
2522 3582 2651 3645 hoc

297 3704 450 3751 sero
474 3688 802 3753 recedere.
823 3691 911 3755 Et
935 3691 1085 3756 ideo
1107 3690 1491 3756 deberemus
1511 3708 1661 3754 cum
1685 3690 1908 3773 quiete
1933 3688 2018 3752 ad
2038 3686 2407 3753 habitacula
2426 3694 2651 3751 nostra

296 3793 636 3858 reims-ue.
693 3797 844 3860 Hoc
881 3795 1103 3861 audito
1135 3815 1284 3861 cum
1315 3796 1717 3880 impatientia
1745 3811 2040 3858 cameras
2071 3802 2333 3857 nostras
2363 3792 2650 3876 ingressi

301 3914 549 3961 sumus.
592 3897 684 3963 Et
717 3899 871 3965 dum
904 3918 1164 3965 sessum
1187 3919 1424 3985 capere
1443 3899 1765 3982 vellemus
1796 3907 1870 3962 ut
1894 3899 2097 3982 prius,
2127 3896 2377 3964 ablatas
2411 3905 2653 3962 mattas

293 4001 599 4088 vidimus,
642 4005 712 4068 in
756 4006 993 4091 quibus
1033 4006 1270 4072 sedere
1318 4015 1386 4070 et
1414 4004 1641 4089 jacere
1681 4020 2257 4068 consueveramus.
2316 4003 2439 4067 Ille
2474 4001 2650 4068 esim

295 4105 726 4193 Sarraceuus,
781 4130 826 4175 a
879 4130 1012 4197 quo
1064 4130 1182 4177 eas
1212 4128 1573 4176 emeramus
1612 4110 1834 4175 multis
1888 4109 2193 4192 denariis,
2235 4114 2651 4192 aportaverat

298 4229 444 4278 eas.
480 4213 583 4279 Eo
624 4232 783 4299 ergo
834 4218 1154 4288 accersito
1199 4218 1576 4302 petivimus,
1619 4225 1690 4281 ut
1730 4222 1976 4280 mattas
2015 4215 2204 4279 nobis
2243 4215 2643 4293 restitueret;

291 4316 420 4382 sed
464 4319 648 4385 nullo
715 4321 910 4387 mede
969 4321 1192 4387 heere
1251 4322 1557 4406 volebat,
1617 4322 1749 4387 nisi
1808 4338 1927 4386 eas
1963 4320 2181 4386 denuo
2235 4331 2643 4382 emeremus:

291 4420 546 4510 dicens,
585 4425 1354 4511 quodmvendidimt
1391 4425 1903 4510 nobiseas‚nisi
1942 4425 2027 4489 ad
2067 4434 2359 4491 nostrum
2398 4422 2642 4486 exitum
