3242 5259
413 468 760 537 Canticum
799 465 1218 533 canticorum
1259 463 1642 551 depromsit,
1687 472 1757 530 et
1793 450 2037 550 templa
2073 462 2265 532 idolis
2304 466 2453 555 eins
2490 467 2755 537 aalma

413 585 483 640 et
524 573 811 643 chamos
855 571 1225 637 aedlflcavlt
1240 617 1262 655 ‚
1323 581 1394 636 et
1451 570 1656 637 multa
1717 571 1912 635 etiam
1967 589 2177 655 nsque
2234 572 2320 637 ad
2358 581 2756 639 contemtum

413 680 544 744 Dei
577 688 837 764 propter
879 697 1023 741 eam
1065 677 1243 761 fecit,
1287 685 1351 740 et
1392 676 1464 740 in
1503 675 1636 740 fine
1676 677 1803 741 hoc
1843 675 2199 760 gloriosum
2240 677 2650 760 sepulchrum
2693 679 2759 743 ei

414 783 671 851 excidit.
755 768 892 847 Alii
931 780 1174 864 dicunt,
1217 791 1282 849 et
1325 791 1427 853 est
1469 782 1596 846 iam
1639 780 1910 865 vulgata
1970 781 2187 865 opinio
2249 780 2755 857 Sarracenornm

413 897 481 953 et
523 887 1034 954 Christianorum
1074 886 1498 970 orientalium,
1543 886 1717 970 quod
1747 884 2068 969 Alveolon,
2113 884 2285 951 filius
2332 885 2555 951 David
2572 933 2594 971 ,
2637 907 2756 971 pro

414 993 519 1058 sni
561 992 899 1076 sepultura
938 991 1067 1054 sibi
1108 1000 1355 1074 petram
1397 992 1568 1056 hanc
1633 989 1830 1056 incidi
1894 990 2141 1054 feeerit.
2243 991 2392 1055 Hoc
2447 991 2755 1057 fundatur

411 1100 458 1164 2
482 1100 654 1183 neg.
703 1098 802 1163 18.
833 1156 842 1165 .
886 1095 1024 1160 Sed
1065 1097 1219 1179 quia
1259 1104 1598 1181 pare-,tem
1640 1114 1833 1160 suum
1875 1092 2265 1178 persecutus
2311 1096 2434 1161 suit
2454 1141 2476 1180 ,
2516 1106 2584 1160 et
2626 1099 2756 1161 mi-

413 1205 685 1270 serrime
724 1201 1000 1283 interiit,
1045 1208 1229 1264 trans
1287 1201 1645 1266 Jordanem
1686 1201 1859 1266 alibi'
1898 1192 2197 1284 sepultus
2250 1200 2389 1265 fuit.
2483 1203 2757 1284 Propter

411 1310 539 1377 hoc
573 1305 977 1373 consuetudo
1021 1313 1150 1390 est,
1192 1306 1367 1390 quod
1410 1325 1641 1371 omnes
1674 1307 1892 1389 pueri,
1956 1308 2067 1389 qui
2100 1305 2293 1389 juxta
2333 1306 2507 1372 hanc
2544 1325 2758 1390 pyra-

412 1412 648 1478 midem
687 1420 1168 1496 pertranseunt,
1208 1412 1354 1476 sive
1395 1412 1527 1507 sint
1568 1412 1753 1494 pueri
1773 1409 2195 1493 Judaeomm,
2216 1408 2755 1494 Sarracenorum,

411 1528 525 1582 aut
566 1516 1100 1609 Christianorum,
1143 1515 1395 1600 lapides
1434 1515 1518 1580 de
1562 1522 1738 1579 terra
1777 1515 2032 1600 tollunt,
2066 1525 2142 1579 et
2182 1522 2411 1587 contra
2452 1518 2752 1605 pyrami-

412 1623 559 1688 dem
600 1622 946 1706 projiciunt
984 1625 1055 1684 in
1074 1622 1309 1705 ipsum,
1332 1619 1663 1709 jactantes
1706 1630 1773 1683 et
1794 1620 2045 1711 lapides
2079 1620 2409 1685 mittentes
2425 1620 2752 1709 Absalqni

411 1727 820 1817 maledicunt,
864 1728 1054 1811 eique
1105 1725 1189 1788 de
1230 1725 1402 1788 mala
1440 1734 1648 1790 morte
1687 1725 2020 1811 insultant,
2063 1728 2324 1813 signum
2361 1692 2754 1792 detestatio-

410 1835 520 1898 nis
553 1841 910 1931 paternae-
877 1829 1418 1896 inobedientiae.
1501 1829 1589 1893 Et
1650 1812 1710 1894 si
1774 1831 1886 1915 qui
1944 1832 2186 1895 habent
2246 1832 2315 1895 in
2382 1831 2751 1895 Jerusalem

410 1958 683 2024 puerum
725 1937 1066 2020 rebellem,
1109 1934 1371 1999 «ducunt
1417 1920 1644 2020 ipsum
1717 1936 1785 2001 in
1847 1935 2088 1999 vallem
2127 1936 2454 2019 Josaphat
2495 1937 2625 2001 huc
2665 1935 2751 2000 ad

408 2044 843 2128 pyramidem,
909 2048 1022 2105 et.
1013 2050 1284 2147 ,cogunt
1338 2060 1486 2106 eum
1541 2042 1764 2107 verbis
1840 2050 1905 2104 et
1975 2028 2354 2106 verberibus
2428 2040 2749 2125 projicere

410 2146 660 2247 lapides
704 2144 929 2221 contla
966 2164 1130 2231 eam,
1175 2155 1242 2209 et
1280 2146 1596 2225 Absaloni
1639 2145 2052 2225 maledicere,
2096 2146 2451 2219 recitantes
2506 2147 2568 2209 ei
2626 2165 2750 2209 ex·-

411 2269 669 2316 cessum
712 2260 796 2331 et„
826 2258 1094 2323 mortem
1135 2250 1511 2315 Absalonis.
1594 2252 1684 2315 Et
1726 2249 1839 2312 illa
1880 2258 1987 2312 est
2029 2268 2369 2333 puerorum
2416 2247 2749 2313 efficacis-

410 2359 578 2421 sima
618 2357 931 2420 corratio
974 2357 1040 2420 in
1065 2342 1470 2431 Jerusalem.
1554 2353 1744 2418 Unde
1786 2363 2049 2437 propter
2086 2354 2464 2437 frequentes
2506 2373 2749 2438 puero-

410 2478 551 2527 rum
594 2459 877 2544 lapidum
899 2460 1333 2546 proiectiopes
1360 2446 1586 2541 jacent
1617 2458 1811 2559 Juxta
1831 2458 2227 2560 pyramidem
2269 2460 2485 2542 magni
2530 2459 2750 2523 acervi

411 2566 790 2650 lapillorum,
829 2575 894 2628 et
935 2567 1063 2630 nisi
1105 2565 1307 2652 lapilli
1348 2562 1669 2631 interdum
1693 2572 2196 2647 removerentur,
2241 2562 2478 2627 dudum
2502 2564 2742 2628 suisset

410 2673 682 2741 obtecta
709 2668 1050 2754 lapidibus.
1121 2671 1274 2763 ‘Ani
1309 2669 1558 2753 dicunt,
1602 2667 1776 2752 quod
1816 2668 2161 2753 Josaphat,
2206 2688 2324 2732 rex
2351 2669 2745 2753 Jerusalem,

403 2776 577 2840 hanc
615 2774 1017 2860 pyramidem
1056 2775 1284 2839 fecerit
1323 2774 1466 2839 fieri
1500 2794 1618 2858 pro
1661 2775 1765 2837 sui
1805 2754 2158 2857 sepultuia.
2217 2770 2407 2851 Quod
2450 2792 2575 2856 ego
2617 2792 2748 2837 non

408 2878 626 2964 credo,
670 2881 824 2963 quia
860 2880 980 2945 fuit
1011 2879 1117 2943 vir
1157 2887 1456 2965 sanctus,
1497 2879 1783 2942 imitator
1821 2880 2130 2957 virtutum
2154 2881 2362 2961 patris
2381 2879 2485 2942 sui
2505 2877 2742 2960 David,

408 3003 449 3047 a
490 3004 617 3069 quo
660 2987 831 3049 sicut
872 2985 938 3047 in
979 2986 1123 3047 vita
1163 3003 1292 3049 non
1336 2983 1761 3066 discrepavit,
1824 3001 1948 3055 nec
2003 2986 2071 3047 in
2133 2983 2467 3067 sepultura
2521 2985 2601 3046 ab
2667 3002 2747 3047 eo

407 3089 696 3176 separari
738 3089 1084 3172 quaesivit.
1172 3087 1362 3154 Unde
1405 3089 1594 3152 tertio
1640 3094 1708 3151 et
1753 3087 1976 3152 ultimo
2019 3087 2291 3169 dicitur,
2344 3086 2514 3171 quod
2571 3106 2746 3151 mor-

409 3195 922 3293 tuus-Josapjiat
962 3194 1261 3289 sepultus
1304 3201 1406 3256 est
1446 3194 1514 3255 in
1553 3192 1900 3276 sepulchro
1941 3194 2145 3279 patris
2187 3195 2329 3276 sui,
2372 3193 2440 3255 in
2482 3193 2746 3256 civitate

406 3298 644 3365 David.
727 3299 813 3361 Et
876 3284 1023 3362 ide‘o
1076 3300 1268 3377 aher
1322 3297 1660 3362 dicendum
1701 3280 2009 3374 'videturj
2051 3296 2224 3381 quod
2263 3297 2584 3381 Josaphat
2626 3298 2748 3361 fuit

406 3404 512 3465 vir
553 3401 959 3485 magnificus,
1003 3410 1069 3466 et
1110 3403 1311 3468 multa
1359 3403 1656 3491 mirifica*
1695 3420 1894 3485 opera
1961 3401 2164 3485 fecit,
2219 3404 2387 3495 inter
2445 3420 2615 3484 quae
2679 3411 2747 3466 et

403 3501 576 3567 hanc
614 3504 1012 3586 pyramidem
1053 3525 1170 3589 pro
1205 3507 1690 3590 magnificentia
1730 3515 1795 3569 et
1825 3525 1944 3589 pro
1974 3506 2281 3585 miraculo
2324 3507 2538 3572 excidi
2561 3506 2742 3590 fecit,

404 3615 474 3670 et
516 3614 766 3672 tantum
808 3628 1043 3674 nomen
1087 3630 1172 3675 ex
1190 3611 1316 3676 hoc
1357 3594 1726 3694 acqu'isivit,
1750 3611 1921 3696 quod
1964 3614 2119 3695 ipsa
2151 3610 2346 3675 vallis
2390 3620 2543 3695 tota,
2564 3627 2742 3697 quae

402 3711 584 3796 prius
621 3712 954 3778 dicebatur
997 3715 1192 3780 vallis
1247 3714 1446 3798 Cela,
1514 3724 1747 3798 postea
1799 3717 1881 3779 ab
1938 3716 2237 3782 omnibus
2306 3718 2742 3782 nominaretur

403 3816 600 3881 vallis
637 3815 955 3904 Josaphat
996 3839 1208 3905 usque
1251 3822 1319 3883 in
1368 3804 1749 3884 hodiernum
1802 3820 1974 3885 diem
2019 3830 2283 3908 propter
2340 3823 2509 3886 hanc
2538 3842 2741 3908 pyra-

401 3921 659 4003 midem.
745 3922 941 3991 Circa
979 3927 1149 3991 hanc
1188 3922 1587 4011 pyramidem
1630 3925 1848 3991 nullae
1890 3936 2042 3991 sunt
2081 3927 2551 4014 indulgentia03
2594 3929 2740 3995 ideo

402 4045 484 4093 ea
523 4028 675 4093 visa
717 4024 800 4094 ad
842 4030 969 4098 alia
1008 4049 1131 4098 nos
1172 4032 1632 4100 convertimus.
