3242 5259
532 482 741 544 locum
793 475 1145 561 punitionis
1185 468 1709 558 malefactorum,
1752 476 1821 536 in
1865 492 1994 558 quo
2036 471 2248 561 fures,
2292 473 2610 555 latrones,
2658 474 2871 537 homi-

523 587 736 669 cidae,
781 582 1136 664 blasphemi
1180 580 1628 663 puniebantur,
1689 588 1757 641 et
1797 589 2002 646 morte
2044 579 2511 662 plectebantur,
2542 584 2617 640 ut
2659 579 2870 642 locum

531 688 1019 755 abominabilem
1092 682 1439 747 redderent
1500 684 1771 749 Judaeis
1837 686 1906 748 in
1986 684 2397 767 despectum,
2464 692 2530 746 et
2591 685 2683 746 ita
2747 684 2872 748 loci

531 793 862 879 despectio
927 791 1052 853 fuit
1118 789 1297 852 facta
1361 795 1572 873 usque
1629 789 1710 853 ad
1755 788 2124 871 Christum,
2181 806 2310 871 quo
2369 798 2752 873 resurgente
2804 799 2871 852 et

534 899 929 965 ascendente
993 897 1206 979 coepit
1272 895 1455 958 locus
1511 895 1638 959 coli
1681 914 1721 957 a
1779 894 2174 959 Christianis
2217 902 2284 956 et
2332 897 2650 958 venerari.
2735 893 2870 959 Sed

531 1010 657 1072 hoc
698 1004 1039 1068 idololatra
1084 1001 1319 1063 Helius
1364 1001 1695 1065 Adrianus
1740 1003 2086 1084 imperator
2126 1019 2256 1063 nou
2321 998 2644 1063 sufferens
2701 1008 2871 1064 tem·-

529 1113 705 1196 plum
752 1108 1033 1173 Veneris
1076 1108 1170 1169 ibi
1213 1110 1608 1191 construxit,
1654 1116 1718 1169 et
1760 1115 2037 1168 statuam
2096 1104 2450 1167 meretricis
2494 1108 2561 1167 in
2601 1105 2869 1187 scopulo

527 1216 876 1280 Calvariae
920 1213 1165 1295 erexit,
1237 1221 1305 1274 et
1346 1214 1443 1276 ita
1484 1212 1694 1275 locum
1740 1210 2228 1295 dehonestavit,
2299 1228 2445 1273 eum
2499 1210 2869 1274 christianis

531 1340 799 1384 exosum
850 1319 1125 1402 faciens,
1170 1327 1241 1381 ut
1262 1318 1702 1401 Hieronymus
1745 1317 1940 1380 habet
1982 1316 2047 1377 iu
2090 1314 2366 1398 epistola
2406 1314 2490 1377 ad
2515 1316 2871 1380 Paulinam.

528 1425 614 1489 Et
641 1426 874 1488 mansit
911 1426 998 1488 ita
1032 1431 1288 1486 centum
1321 1431 1388 1485 et
1410 1425 1744 1507 octoginta
1784 1421 1973 1484 annis
1995 1420 2438 1485 abominabilis
2458 1420 2871 1504 Christianis,

492 1523 506 1535 ⁰
532 1547 875 1616 quousque
920 1528 988 1591 S.
1039 1529 1296 1591 Helena
1359 1529 1773 1610 supervenit,
1842 1535 1907 1588 et
1950 1525 2279 1592 eliminata
2335 1527 2507 1590 omni
2560 1528 2871 1609 spurcitia

530 1637 744 1700 locum
813 1633 1087 1697 mirifice
1153 1634 1519 1715 decoravit,
1584 1641 1657 1694 ut
1704 1630 1952 1714 patebit
2007 1632 2072 1693 in
2138 1631 2360 1714 templi
2414 1631 2868 1714 descriptione.

528 1739 632 1803 De
694 1741 819 1803 hoc
887 1747 1103 1800 monte
1170 1738 1325 1802 vide
1387 1739 1555 1801 infra
1614 1737 1725 1805 rol.
1787 1735 1929 1799 130.
1979 1745 2047 1798 et
2087 1736 2231 1800 255.
2316 1740 2404 1801 Et
2444 1740 2509 1801 in
2572 1755 2870 1800 sermone

528 1845 702 1910 beati
745 1842 1103 1908 Bernhardi
1167 1841 1250 1905 ad
1287 1844 1522 1907 milites
1564 1842 1822 1928 templi,
1876 1839 1951 1904 C.
2000 1841 2096 1905 10.

532 2081 651 2158 De
700 2078 905 2172 loce,
950 2077 1067 2153 ubi
1124 2076 1468 2157 Christus
1510 2070 1915 2153 'crucifixus
1968 2077 2138 2173 suit,
2211 2066 2288 2153 et
2335 2077 2408 2153 in
2461 2101 2600 2179 quo
2652 2077 2868 2155 Adae

842 2188 1039 2254 testa
1085 2188 1381 2281 reperta
1427 2177 1600 2271 suit,
1650 2185 1727 2253 et
1775 2176 1870 2252 de
1922 2177 2249 2253 scissura
2297 2188 2574 2280 petrae.

716 2361 908 2443 Rupe
974 2370 1205 2424 sancta
1271 2359 1650 2424 deosculata
1713 2376 1856 2422 cum
1932 2362 2354 2444 processione
2416 2359 2870 2424 descendimus

396 2508 409 2523 ·
530 2486 649 2551 per
687 2467 932 2550 gradus
978 2467 1206 2529 iterum
1251 2466 1335 2530 ad
1364 2465 1686 2528 ecclesiae
1727 2466 2189 2549 pavimentum,
2214 2475 2282 2528 et
2317 2467 2601 2550 ingressi
2644 2483 2870 2528 sumus

531 2573 843 2656 capellam
862 2619 881 2656 ,
926 2590 1095 2653 quae
1137 2581 1240 2634 est
1276 2571 1397 2634 sub
1436 2570 1688 2651 capella
1729 2571 1966 2633 montis
2010 2569 2373 2655 Calvariae,
2419 2571 2501 2636 de
2540 2590 2671 2655 qua
2709 2590 2872 2634 con-

530 2681 740 2761 surgit
818 2677 1127 2759 scopulus
1172 2678 1387 2739 crucis
1447 2674 1726 2756 Christi,
1798 2692 2053 2738 sursum
2108 2694 2316 2760 usque
2356 2679 2424 2740 in
2476 2678 2870 2759 superiorem

531 2784 844 2869 capellam
883 2800 959 2845 se
1006 2783 1265 2845 tollens.
1311 2783 1388 2844 In
1429 2781 1554 2845 hoc
1601 2780 1740 2843 loco
1782 2780 2177 2863 procidimus
2217 2784 2284 2844 in
2318 2779 2572 2865 terram}
2600 2800 2871 2865 eamque

530 2908 679 2953 cum
721 2887 921 2951 multa
973 2885 1319 2950 devotione
1375 2883 1733 2949 deosculati
1778 2903 2043 2971 sumus,
2094 2897 2490 2950 venerantes
2533 2888 2759 2951 Jesum
2799 2887 2868 2947 in

534 3012 753 3071 cruce,
802 2995 909 3056 cui
967 2993 1057 3055 ibi
1125 2991 1332 3054 fuerat
1381 2991 1697 3054 confixus.
1785 2990 1860 3054 Si
1902 2993 2072 3054 enim
2114 2992 2423 3075 scopulus
2488 2994 2642 3075 fuit,
2705 2993 2874 3055 sicut

527 3098 724 3162 hodie
768 3107 903 3180 est,
947 3114 1078 3158 non
1117 3102 1376 3177 poterat
1413 3096 1482 3157 iu
1525 3113 1604 3158 eo
1681 3094 1972 3178 crucifigi
2039 3095 2380 3180 Christus,
2435 3097 2553 3160 sed
2605 3100 2726 3160 sub
2772 3115 2871 3180 ea,

532 3212 596 3267 et
642 3202 827 3264 locus
870 3198 1309 3264 crucifixionis
1352 3199 1457 3263 hic
1499 3198 1654 3283 (B)
1700 3199 1907 3264 fuisse
1953 3218 2229 3264 neeesse
2271 3211 2408 3286 est,
2451 3203 2751 3286 quamvis
2792 3201 2872 3266 de

529 3309 655 3378 hoc
736 3305 915 3368 nulla
976 3305 1295 3368 habeatur
1360 3307 1683 3388 scriptura
1743 3314 1853 3369 aut
1915 3306 2265 3391 certitudo,
2339 3309 2465 3370 nisi
2524 3308 2693 3391 quod
2749 3308 2872 3371 loci

531 3411 869 3495 dispositio
913 3405 1202 3473 'videtur
1257 3409 1322 3472 id
1382 3399 1746 3479 ostendere.
1843 3413 1916 3474 lu
1971 3413 2097 3475 hoc
2162 3412 2306 3476 loco
2373 3411 2745 3476 reduximus
2804 3418 2869 3479 in

530 3519 899 3579 memoriam
956 3516 1451 3600 ignominiosam
1512 3514 1757 3580 Christi
1818 3516 2344 3602 denudationem,
2390 3518 2708 3602 quomodo
2764 3519 2871 3582 hic

532 3640 678 3688 eum
724 3623 1020 3685 omnibus
1062 3621 1363 3684 vestibus
1426 3620 1746 3686 nudantes
1797 3623 2277 3708 spoliaverunt,
2331 3631 2401 3686 et
2445 3622 2763 3708 quomodo
2805 3624 2871 3686 in

485 3807 500 3818 ἱ
533 3728 860 3790 exuitione
913 3727 1198 3789 vestium
1266 3725 1537 3790 vulnera
1591 3728 1658 3790 in
1715 3727 2150 3811 flagellatione
2220 3738 2490 3810 accepta
2553 3736 2873 3792 renovata

537 3835 813 3911 fuerint,
889 3843 949 3891 et
1021 3835 1342 3911 quomodo
1402 3835 1678 3895 nudatus
1726 3835 1786 3895 iu
1850 3843 2014 3895 terra
2074 3839 2452 3899 incurvatus
2511 3834 2680 3897 sedit
2717 3852 2872 3915 prae

529 3935 961 4019 verecundia,
1021 3943 1167 4019 quia
1213 3939 1494 3999 totaliter
1538 3939 1750 3999 nudus
1794 3951 1966 4019 urat,
2014 3951 2078 4003 et
2122 3958 2276 4023 prae
2313 3940 2676 4022 debilitate,
2719 3941 2872 4022 quia

533 4039 821 4123 undique
865 4043 1257 4107 dilaceratus
1301 4057 1458 4107 erut.
1562 4047 1642 4103 Et
1686 4063 1830 4107 cum
1878 4047 1998 4107 ium
2058 4063 2218 4108 crux
2258 4054 2484 4128 parata
2524 4054 2738 4129 esset,
2805 4053 2872 4108 et

525 4147 941 4215 eruniflxrnrffl
985 4167 1129 4211 cum
1173 4171 1370 4231 super
1418 4167 1670 4211 crucem
1722 4151 1970 4211 trahere
2010 4151 2277 4235 vallent,
2305 4151 2588 4236 receptis
2623 4152 2874 4215 viribus

525 4255 841 4337 surrexit,
885 4263 953 4315 st
1005 4259 1281 4339 genibus
1330 4255 1518 4319 flexis
1566 4263 1718 4319 unte
1782 4275 2034 4319 erucem
2098 4259 2338 4341 oravit,
2397 4258 2652 4322 dicens:
2716 4271 2877 4318 sus-

533 4359 709 4439 cipe,
753 4371 981 4423 sancte
1027 4371 1217 4443 puter
1269 4367 1570 4443 aeterne,
1634 4380 1738 4423 me
1782 4361 2082 4427 dilectum
2146 4361 2350 4427 fllium
2402 4370 2612 4444 tuum,
2677 4378 2873 4445 quem
