3242 5259
1414 374 1545 442 22⁷

306 564 367 626 4.
414 569 482 625 et
520 559 585 623 5.
631 569 754 624 etc.
863 538 964 623 ln‘
1001 558 1230 624 eedem
1283 577 1442 643 agro
1514 558 1793 625 fixerant
1849 558 2104 624 Arabes
2166 559 2441 624 tentoria
2506 573 2650 643 sua,

307 665 480 730 ultra
516 673 839 748 trecenta,
900 664 984 728 ad
1041 681 1309 747 quorum
1365 673 1705 749 aspectum
1768 664 2006 728 fuimus
2062 683 2184 729 nos
2226 674 2292 729 et
2347 663 2651 729 ductores

310 770 519 835 nostri
568 769 839 833 multum
884 770 1106 833 territi.
1194 771 1282 833 Et
1348 788 1496 833 cum
1539 770 1953 835 venissemus
2003 771 2194 855 juxta
2236 771 2653 835 tabernacula

309 875 443 959 illa,
487 894 616 938 non
645 874 929 940 vidimus
955 876 1042 939 ibi
1070 877 1197 940 nisi
1232 876 1547 941 foeminas
1580 874 1971 940 miserrimas
1997 885 2064 939 et
2099 875 2406 960 parvulos
2447 875 2654 944 nudos

315 988 385 1044 ct
425 983 682 1065 nigros,
727 988 791 1044 et
832 999 1082 1065 paucos
1130 983 1431 1066 antiquos
1471 981 1671 1044 viros.
1741 979 2000 1045 Caeteri
2044 982 2213 1046 enim
2256 981 2382 1044 viri
2426 999 2654 1046 curre-

314 1086 469 1149 bant
511 1084 593 1148 ad
654 1087 1009 1169 capiendas
1066 1086 1347 1171 praedas
1414 1094 1482 1149 et
1520 1104 1641 1170 pro
1705 1085 1932 1168 rapina
1975 1085 2455 1169 evagabantur3
2497 1106 2656 1170 per-

315 1190 758 1256 tranisivimus
818 1210 975 1275 ergo
1027 1191 1142 1254 illa
1196 1198 1449 1275 castra,
1517 1209 1644 1254 nec
1674 1192 1876 1273 '·erat,
1937 1189 2048 1273 qui
2110 1208 2370 1255 manum
2430 1200 2655 1256 contra

317 1313 439 1358 nos
481 1294 791 1358 elevaret.
879 1298 968 1359 Et
1010 1298 1185 1361 circa
1242 1296 1404 1361 solis
1456 1313 1763 1360 occasum
1808 1294 1890 1359 ad
1935 1306 2238 1360 montana
2295 1296 2449 1361 inde
2500 1317 2654 1381 per-

316 1400 633 1463 venimus.
746 1398 1044 1485 Cumque
1115 1401 1253 1484 jam
1320 1403 1467 1484 ipsa
1527 1407 1838 1464 montana
1906 1418 2025 1484 per
2097 1401 2336 1465 vallem
2398 1402 2654 1486 ingredi

318 1503 729 1588 deberemus,
784 1504 1067 1569 vidimus
1108 1507 1175 1569 in
1235 1505 1531 1569 faucibus
1568 1504 1766 1570 vallis
1809 1504 2277 1570 multitudinem
2327 1507 2657 1572 hominum

317 1626 465 1673 cum
503 1609 791 1693 camelis,
834 1611 1038 1674 asinis
1078 1618 1144 1673 et
1185 1611 1393 1694 equis,
1416 1611 1525 1694 qui
1552 1612 1880 1693 ‚parabant
1920 1629 2019 1693 se,
2052 1614 2281 1677 venire
2313 1615 2379 1676 in
2423 1632 2659 1680 occur·

317 1732 460 1779 sum
503 1724 811 1778 nostrum.
856 1714 992 1779 Sed
1035 1722 1105 1778 et
1148 1717 1351 1780 nostri
1395 1715 1700 1780 ductores
1738 1717 1932 1779 etiam
1974 1734 2051 1779 se
2092 1717 2176 1781 ad
2221 1717 2654 1782 resistendum

319 1821 417 1883 eis
457 1819 744 1884 ordinem
790 1820 1115 1904 fecerunt,
1161 1830 1230 1885 et
1265 1829 1447 1884 erant
1489 1822 1679 1884 anxii·
1709 1829 1776 1884 et
1815 1822 2104 1886 timorosi
2123 1868 2143 1905 ‚
2209 1824 2495 1887 scientes
2540 1842 2656 1888 eos

319 1943 469 1988 esse
488 1924 744 1988 Arabes
787 1934 1104 2009 raptores,
1134 1934 1199 1989 et
1242 1925 1415 2009 quod
1457 1945 1585 1988 non
1629 1926 1758 1990 nisi
1799 1944 1948 1990 cum
1991 1928 2307 1994 violentia
2342 1931 2660 1994 transitus

322 2038 542 2093 noster
580 2048 698 2112 per
740 2048 860 2093 eos
902 2040 1084 2094 esset
1134 2030 1418 2114 futurus,
1481 2013 1605 2094 nec
1647 2027 2019 2114 poteramus
2063 2033 2146 2096 ad
2198 2029 2513 2097 dextram·
2537 2052 2660 2097 nec

320 2135 405 2199 ad
444 2136 771 2198 sinIstram
820 2134 1167 2218 declinare}
1192 2125 1313 2197 se‘tl
1355 2143 1472 2218 per
1504 2134 1782 2199 medium
1828 2156 2048 2200 eornm
2085 2147 2221 2200 erat
2263 2139 2372 2202 via
2415 2149 2659 2219 nostra,

320 2258 442 2323 per
478 2240 763 2303 strictam
806 2239 1065 2302 vallem.
1149 2239 1322 2302 Dum
1365 2258 1523 2324 ergo
1557 2238 1693 2322 jam
1739 2259 1942 2324 prope
1999 2258 2332 2325 essemus,
2400 2241 2661 2304 stabant

319 2344 417 2409 illi
472 2352 538 2407 et
579 2345 902 2409 introitum
943 2344 1140 2408 vallis
1181 2345 1262 2407 ab
1316 2362 1448 2407 una
1474 2352 1674 2426 parte
1719 2343 1802 2407 ad
1844 2345 2033 2407 aliam
2078 2347 2551 2429 observabant,
2594 2355 2662 2407 et

319 2450 914 2535 praeoccupabant3
997 2449 1321 2533 exemptis
1406 2448 1799 2532 pugionibus
1878 2457 1945 2511 et
2039 2450 2304 2533 gladiis,
2350 2452 2662 2534 recurvis,

324 2555 597 2619 vibratis
671 2553 919 2617 lanceis
980 2561 1047 2616 et
1088 2553 1367 2617 arcubus
1425 2554 1729 2617 extentis.
1825 2552 2187 2638 Nunquam·
2236 2557 2496 2627 memini
2557 2576 2664 2620 me

324 2658 577 2723 vidisse
644 2659 893 2722 similes
948 2658 1261 2723 homines.
1351 2657 1556 2722 Erant
1598 2658 1771 2720 enim
1832 2659 2002 2742 nigri
2043 2667 2113 2722 et
2170 2677 2442 2743 conpore
2483 2660 2662 2745 nudi,

325 2763 489 2825 solis
550 2760 884 2827 ardoribus
948 2760 1197 2848 adusti,
1257 2763 1471 2828 solum
1531 2765 1710 2827 circa
1775 2762 2066 2827 verenda
2094 2757 2328 2847 'operti
2385 2763 2665 2847 quodam

328 2868 643 2932 vilissimo
693 2876 1102 2953 tegumento,
1146 2875 1339 2932 scuta
1393 2867 1477 2930 ad
1534 2866 1773 2930 collum
1839 2866 2271 2951 dependentia
2323 2868 2662 2953 habentes,

333 2981 399 3036 et
449 2980 631 3035 erant
685 2973 913 3056 saevi,
955 2972 1251 3037 iracundi
1320 2982 1388 3036 et
1464 2970 1785 3035 terribiles
1845 2981 2134 3055 aspectu.
2232 2974 2336 3037 Ex
2392 2991 2662 3057 quorum

331 3088 599 3162 aspectu
640 3087 708 3141 et
748 3078 1225 3159 comparatione
1250 3078 1465 3142 Mauri
1509 3086 1576 3140 et
1602 3075 1951 3141 Sarraceni
1994 3079 2222 3162 nostri,
2266 3096 2430 3161 quos
2474 3089 2667 3143 antea

330 3184 713 3247 inhumanos
772 3183 1293 3268 aestimavimus,
1352 3201 1530 3246 nunc
1590 3182 1984 3247 domesticos
2047 3191 2113 3245 et
2177 3185 2328 3266 pios
2368 3192 2433 3247 et
2475 3169 2667 3249 nobis*

329 3289 519 3369 quasi
582 3286 893 3370 aequales
950 3305 1102 3351 esse
1164 3289 1681 3372 recognovimus.
1790 3284 2114 3349 videntes
2182 3297 2396 3352 autem
2461 3287 2669 3353 nostri

334 3390 634 3456 ductores
695 3409 916 3456 eorum
975 3394 1409 3476 propositum,
1463 3392 1831 3456 inciderunt
1886 3393 1954 3455 in
1998 3409 2116 3456 eos
2156 3409 2305 3457 cum
2359 3378 2677 3458 violentia*

334 3505 399 3561 et
454 3495 570 3560 eo's
625 3496 821 3560 armis
890 3496 974 3561 de
1024 3498 1139 3561 via
1212 3498 1636 3582 fugaverunt,
1695 3505 1762 3560 et
1825 3498 2013 3561 nobis
2076 3499 2199 3561 iter
2257 3508 2666 3582 aperuerunt,

332 3601 707 3683 clamantes,
751 3612 823 3665 ut
860 3602 1139 3667 celerius
1173 3602 1649 3667 festinaremus.
1696 3600 1942 3686 Sicque
1982 3602 2368 3666 festinantes
2410 3605 2481 3669 in
2526 3606 2672 3669 loco

337 3708 525 3771 nobis
586 3716 810 3790 aperto
877 3708 1321 3772 transivimus.
1411 3705 1795 3787 Quicunque
1855 3719 2067 3767 aulem
2136 3711 2516 3791 peregrinus
2572 3715 2672 3775 cia

334 3812 635 3895 occurrit,
679 3814 1152 3896 apprehensum
1186 3833 1334 3877 eum
1372 3811 1571 3896 pallio
1611 3823 1719 3871 aut
1763 3831 1959 3871 ,επις-,α
1999 3815 2332 3875 trahebam
2372 3827 2496 3875 tam
2544 3815 2672 3901 diu,

338 3916 513 4001 quod
555 3926 667 3981 aut
710 3936 843 3980 rem
910 3921 1377 4003 apprehensam
1446 3917 1791 3981 dimitteret
1851 3927 2128 3995 aramue,
2196 3927 2304 3979 aut
2348 3919 2432 3981 xde
2488 3923 2672 3983 asino

339 4020 632 4106 caderet,
672 4032 785 4087 aut
826 4023 1061 4108 aliquis
1100 4024 1182 4088 de
1223 4024 1464 4089 nostris
1507 4043 1651 4087 cnm
1703 4023 2031 4083 liberaret:
2079 4023 2224 4103 [Β]
2280 4023 2452 4087 unde
2496 4027 2676 4091 multi

339 4122 423 4190 de
457 4128 664 4192 asinis
706 4127 1113 4214 ceciderunt,
1154 4139 1221 4194 et
1262 4130 1324 4194 si
1361 4146 1493 4192 non
1539 4131 1811 4191 fuissent
1859 4127 2144 4207 liberati,
2220 4151 2340 4195 ens
2392 4135 2676 4215 spolias-

337 4242 505 4296 sent.
581 4232 753 4298 ‘Erat
788 4243 1003 4301 autem
1041 4234 1364 4299 horribilis
1401 4232 1643 4296 clamor
1687 4235 1765 4291 ab
1811 4243 2083 4315 utraque
2128 4243 2332 4315 parte,
2372 4243 2434 4291 et
2484 4235 2676 4295 mira-

337 4334 452 4401 bili
506 4338 751 4423 impetu
807 4348 1387 4421 concertaverunt,
1466 4339 1651 4421 quasi
1711 4339 1951 4399 vella-nt
2003 4343 2200 4403 armis
2266 4355 2340 4399 sc
2404 4339 2676 4399 invicem

338 4441 624 4529 irruere,
678 4453 760 4513 et,
786 4441 854 4510 in
895 4447 1023 4511 isto
1064 4446 1267 4530 litigio
1316 4462 1440 4508 nos
1503 4443 2035 4527 pertransivimus
2096 4443 2520 4503 ascendentes
2568 4459 2680 4523 per

2135 4542 2202 4601 15
2226 4542 2259 4579 ³
