3242 5259
420 564 579 633 prae
639 531 894 612 foribus
955 539 1308 629 sedentes,
1364 543 1538 630 quod
1599 545 1670 610 in
1732 542 2087 611 continenti
2158 555 2338 612 esset
2401 545 2772 614 adfuturus·-

417 652 728 717 lllstenim
767 667 998 714 sacrae
1035 649 1209 716 illius
1237 649 1559 716 ecelesiae
1587 647 1887 715 aedituus
1922 649 2111 714 homo
2144 667 2552 737 sarracenus,
2580 656 2707 739 qul
2728 673 2772 719 a

418 773 540 821 suo
578 764 765 840 patre
803 753 1167 819 custodiam
1206 753 1381 818 illius
1422 754 1747 819 ecclesiae
1782 753 2234 840 haereditavit,
2263 756 2371 820 cui
2407 757 2552 842 hoc,
2595 757 2772 845 quod

421 859 790 943 subjectum
831 865 934 923 est
946 905 968 945 ,
1032 858 1299 924 accidit:
1375 857 1780 924 Sarracenus
1820 860 1964 945 ille,
2012 861 2264 926 scilicet
2316 871 2504 945 pater
2550 865 2765 948 illius,

420 966 532 1049 qui
595 964 791 1029 hodie
831 972 936 1027 est
995 964 1327 1049 aedituus,
1389 966 1614 1030 nescio
1656 983 1784 1050 quo
1840 969 2107 1031 servitio
2149 968 2535 1051 promeruit,
2597 969 2775 1054 quod·

416 1067 748 1134 soldanus
788 1069 959 1133 hanc
997 1069 1345 1134 ecclesiam
1378 1072 1507 1135 sihi
1547 1089 1664 1154 pro
1708 1089 1974 1135 munere
2010 1070 2296 1154 donavit,
2337 1079 2409 1135 ut
2451 1073 2577 1136 sibi
2619 1072 2772 1137 inde

424 1183 768 1260 quaestum
831 1192 875 1237 a
941 1174 1307 1258 peregi-luis
1373 1176 1799 1260 conquireret.
1898 1176 2194 1261 Accepta
2262 1195 2420 1261 ergo
2487 1176 2774 1244 ecclesia

417 1275 687 1362 videns,
749 1277 924 1364 quod
967 1279 1327 1344 Christiani
1393 1299 1538 1344 eam
1591 1299 1741 1345 cum
1803 1299 2039 1366 magno
2112 1283 2330 1346 furere
2403 1281 2771 1367 visitarent,

415 1383 805 1467 adgravavit
862 1386 1144 1468 pretium
1163 1430 1185 1469 ,
1250 1383 1422 1470 quod
1463 1387 1780 1451 intrantes
1821 1388 1956 1450 sibi
2019 1385 2290 1450 solvere
2327 1385 2661 1470 solebant,

423 1494 712 1571 tantum,
777 1488 949 1573 quod
1011 1489 1097 1553 de
1155 1507 1438 1573 persona
1477 1508 1610 1553 non
1670 1490 1883 1554 minus
1928 1510 2122 1575 quam
2180 1493 2275 1555 111
2339 1490 2613 1556 ducatos
2656 1511 2773 1575 pro

423 1592 730 1674 ingressu
784 1594 1029 1658 habere
1082 1594 1364 1659 volebat.
1471 1595 1752 1677 Propter
1802 1593 1973 1678 quod
2034 1613 2386 1679 gravamen
2445 1596 2773 1680 peregrini

422 1695 920 1779 resignaverunt
957 1700 1402 1762 visitationem
1448 1697 1630 1780 ejus,
1690 1704 1761 1761 et
1802 1717 1993 1764 nemo
2035 1699 2313 1783 amplius
2352 1701 2651 1785 intravit,
2701 1707 2772 1765 et

422 1799 606 1865 locus
644 1802 833 1887 quasi
876 1803 943 1865 in
986 1804 1378 1868 oblivionem
1413 1802 1615 1866 venit.
1662 1800 1959 1882 Quadam
2001 1813 2218 1869 autem
2248 1814 2441 1870 nocte
2474 1807 2771 1890 apparuit

420 1906 489 1969 in
531 1908 778 1972 somnis
821 1908 1018 1973 beata
1037 1909 1251 1972 Maria
1281 1909 1494 1992 Virgo
1523 1907 1617 1972 illi
1658 1907 2019 1974 Sarraceno
2053 1928 2270 1994 avaro,
2297 1910 2772 1997 (tutissimeque

424 2029 573 2075 eum
634 2013 850 2096 arguit
860 2025 900 2097 ,·
943 2014 1205 2082 dicens:
1275 2022 1492 2078 mente
1533 2021 1601 2077 et
1649 2030 1852 2078 sensu
1892 2014 2145 2099 perdite
2183 2016 2444 2080 inimice
2499 2016 2658 2100 Dei,
2703 2021 2772 2081 e't

421 2115 591 2198 legis
626 2119 1128 2204 praevaricator,
1169 2118 1702 2203 impedimentum
1742 2120 2005 2186 honoris
2047 2121 2195 2199 mei,
2235 2138 2366 2203 qua
2407 2122 2771 2184 temeritate

421 2222 871 2301 praesumsisti
911 2223 1216 2288 claudere
1256 2225 1432 2290 fores
1470 2241 1655 2288 meas
1687 2225 2115 2289 servitoribus
2157 2225 2320 2287 meis
2351 2220 2768 2307 peregrlnisss

424 2321 638 2407 Surge
680 2326 882 2409 igitur
923 2327 1155 2412 velox,
1199 2335 1268 2392 et
1311 2330 1609 2394 omnibus
1650 2329 2012 2413 peregrinis
2069 2329 2275 2412 gratis
2317 2327 2388 2389 et
2427 2328 2572 2390 sine
2612 2343 2771 2408 gra-
2804 2367 2813 2376 -

421 2430 686 2492 vamine
738 2431 1085 2515 patefacito
1143 2434 1377 2497 ostium
1435 2433 1768 2518 sepulchri
1824 2434 1970 2498 mei.
2058 2433 2177 2497 Sin
2220 2441 2431 2496 autem
2445 2475 2467 2514 ,
2533 2447 2771 2513 corpus

423 2541 605 2598 tuum
646 2535 977 2601 vermibus
1017 2537 1365 2622 scaturiet,
1422 2547 1492 2603 et
1532 2537 1765 2604 domus
1807 2547 1919 2603 tua
1961 2537 2156 2602 citius
2207 2535 2594 2601 destruetur.
2678 2537 2773 2598 Et

422 2639 530 2704 his
571 2639 766 2705 dictis
806 2640 1136 2726 disparuit.
1182 2642 1588 2709 Sarracenus
1616 2653 1833 2709 autem
1874 2642 2107 2727 plenus
2138 2643 2369 2706 timore
2407 2639 2768 2723 evigilavit,

425 2752 497 2809 et
537 2746 995 2812 tremebundus
1050 2748 1369 2833 surrexit,
1434 2759 1504 2813 et
1557 2753 1825 2832 omnia,
1874 2767 2045 2834 quae
2085 2747 2210 2811 sibi
2252 2745 2428 2810 dicta
2490 2744 2769 2827 fuerant,

427 2850 709 2916 familiae
768 2870 932 2917 suae
990 2853 1345 2938 revelavit,
1403 2853 1788 2937 prohibens,
1866 2872 1953 2917 ne
2014 2851 2097 2915 de
2148 2859 2409 2915 caetero
2490 2850 2799 2936 aliquem*

425 2955 864 3023 Christianum
910 2956 1297 3042 repellerent
1354 2960 1440 3021 ab
1504 2956 1828 3022 ecclesiae
1881 2957 2187 3040 ingressu
2201 3000 2222 3039 ,
2296 2953 2416 3018 sed
2475 2953 2774 3018 omnihus

422 3063 634 3145 gratis
711 3063 1034 3147 aperirent
1102 3071 1169 3126 et
1244 3062 1372 3127 hoc
1409 3065 1696 3146 posteris
1737 3062 1876 3126 suis
1917 3069 2068 3144 post
2110 3078 2258 3124 eum
2317 3059 2461 3124 fieri
2502 3056 2805 3123 manda--

425 3175 568 3230 rent
605 3165 773 3250 (B).
857 3168 948 3232 Et
988 3167 1081 3231 ita
1126 3167 1366 3232 factum
1410 3177 1515 3232 est
1554 3185 1765 3252 usque
1806 3170 1873 3231 in
1915 3165 2089 3229 hunc
2144 3163 2335 3230 diem.
2431 3162 2803 3230 stantibus.

427 3289 583 3355 ergo
623 3271 812 3336 nobis
853 3280 1008 3335 ante
1050 3271 1226 3337 fores
1269 3271 1594 3338 ecclesiae
1673 3272 1856 3337 venit
1911 3270 2315 3334 Sarracenus
2333 3313 2355 3352 ,
2426 3269 2531 3332 vir
2570 3267 2775 3352 gran-

430 3373 701 3457 daevus,
746 3374 920 3439 filius
961 3376 1344 3460 supradicti,
1373 3379 1479 3442 cui
1520 3379 1713 3441 beata
1732 3369 1943 3459 virgo
1985 3382 2392 3458 apparuerat,
2436 3383 2502 3437 et
2538 3373 2774 3437 ostium
2876 3385 2880 3389 *

429 3481 768 3561 reseravit,
808 3482 1182 3564 intrareque
1226 3482 1538 3565 permisit,
1571 3491 1639 3546 et
1679 3481 1760 3545 ad
1804 3478 2160 3563 quemlibet
2191 3477 2259 3544 tn
2302 3494 2425 3541 suo
2465 3477 2774 3542 idiomate

426 3582 626 3646 dixit:
670 3582 873 3666 vade,
940 3593 1008 3647 et
1036 3586 1249 3650 Deum
1288 3584 1522 3667 adora,
1565 3594 1633 3648 et
1673 3585 1991 3667 virginem
2033 3582 2309 3645 Mariam
2350 3581 2563 3646 lauda.
2650 3584 2769 3646 In-

424 3688 640 3771 gressi
683 3697 899 3753 autem
932 3690 1176 3753 ostium
1216 3687 1672 3753 descendimus
1709 3707 1829 3773 per
1859 3685 2103 3772 gradus
2140 3703 2534 3752 marmoreos
2578 3686 2775 3770 quin-

427 3793 739 3876 quaginta
780 3777 945 3857 duos
988 3794 1057 3858 in
1096 3793 1516 3877 profundum,
1581 3801 1652 3857 et
1692 3800 1920 3858 cantor
1961 3794 2031 3855 in
2074 3790 2401 3856 demensa
2443 3791 2776 3855 inchoavit

425 3896 560 3959 alta
599 3915 766 3960 voce
807 3899 1149 3982 hymnum:
1196 3896 1252 3960 0
1296 3895 1584 3982 gloriosa
1627 3896 1887 3961 domina
1932 3906 2053 3961 etc.

591 3998 802 4080 Quem
844 4019 969 4065 nos
1007 4005 1335 4085 prosecuti
1376 4021 1524 4066 cum
1567 4019 1804 4085 magno
1845 4002 2085 4086 gaudio
2127 4001 2555 4083 cantavimus,
2596 4008 2664 4063 et
2707 3999 2775 4063 in

422 4106 750 4172 eeclesiae
800 4105 1013 4172 medio
1052 4106 1137 4170 ad
1197 4107 1612 4190 sepulchrum
1662 4107 2078 4171 beatissimae
2116 4106 2412 4192 Virginis
2452 4105 2775 4185 veffimus,

425 4209 596 4294 quod
670 4212 952 4295 ingressi
1007 4232 1179 4278 unus
1220 4220 1372 4297 post
1428 4211 1624 4274 alium
1689 4212 1968 4275 tumbam
2032 4229 2287 4275 sacram
2352 4209 2791 4274 devotissimev

424 4312 785 4378 deosculati
825 4334 1071 4400 sumus,
1104 4328 1172 4381 et
1213 4336 1362 4382 cum
1403 4319 1751 4402 gratiarum
1795 4320 2054 4380 actione
2089 4315 2557 4398 indulgentiam
2601 4311 2773 4394 (st)

425 4416 751 4498 plenariae
795 4423 1190 4488 remissionis
1232 4423 1636 4506 accepimus,
1680 4431 1745 4486 et
1789 4430 1942 4505 post
1994 4421 2334 4505 hymnum:
2354 4503 2361 4514 ι
2382 4417 2438 4481 0
2486 4415 2777 4500 gloriosa
